1644 2760
507 175 510 194 ¹
636 171 696 235 ¹47

128 353 587 463 [SOMNIUM

116 595 671 727 seimouls.

54 1034 58 1041 '
166 1043 230 1098 UM
245 1039 275 1102 in
289 1035 408 1095 Africam
422 1035 556 1108 venissem,
571 1041 624 1101 Μ’.
638 1042 701 1101 Ma.

181 1125 248 1186 uilio
261 1122 363 1184 consuli
380 1125 415 1183 ad
429 1141 553 1202 quartam
567 1126 703 1205 legionem

83 1215 209 1275 tribuous
226 1212 270 1292 (uc
285 1210 371 1290 scitia)
390 1211 523 1286 militum
548 1215 615 1296 nihil
634 1215 703 1276 mihi

86 1304 176 1382 potius
194 1301 256 1370 fuit,
281 1319 361 1378 quam
378 1315 408 1357 ut
426 1299 584 1360 Masinissam
600 1323 703 1363 couve-

83 1393 183 1460 niuem,
205 1408 295 1467 regem
313 1385 431 1446 familiae
449 1387 554 1448 nostrae
568 1387 646 1468 justis
666 1391 704 1452 de
727 1462 729 1473 s

83 1476 169 1540 causis
189 1473 379 1536 amiciffiiuur'u.
416 1476 453 1534 ad
474 1497 554 1554 quem
578 1493 609 1534 ut
630 1477 703 1550 veni,

80 1565 245 1644 complexus
262 1584 306 1624 roe
323 1561 406 1622 senex
419 1562 632 1642 collacrymauit,
651 1565 704 1624 ali·

81 1669 244 1734 quantoque
265 1649 322 1728 post
346 1647 463 1726 suspexit
482 1651 510 1709 in
529 1651 652 1711 caelum:
675 1665 706 1714 ct

82 1757 189 1820 grates,
209 1739 307 1817 iuquit,
325 1737 374 1795 tibi
389 1758 450 1815 ago,
467 1735 569 1798 summe
584 1739 639 1810 Sol,
655 1760 707 1801 vo·
749 1813 756 1824 „

80 1827 182 1909 bisque
192 1826 288 1904 reliqui
294 1825 413 1894 caelites,
423 1827 498 1904 quod
506 1843 568 1886 aute
577 1847 658 1906 quam
666 1829 709 1892 ex‘

25 1919 26 1922 ’
85 1920 141 1978 hac
155 1919 211 1974 vita
224 1917 322 1998 migeo,
341 1911 474 1992 conspicio
488 1916 516 1973 in
530 1937 590 1974 roeo
608 1937 705 1994 reguo,

85 2006 172 2066 ethis
184 2003 259 2062 testis
272 2009 304 2062 P.
314 2001 470 2079 Cornelium
482 2005 641 2082 Scipionem,
655 2025 708 2064 uu·

83 2096 133 2174 jus
146 2113 197 2170 ego
209 2091 316 2150 uomiue
325 2086 381 2167 ipso
391 2110 507 2148 recreor:
518 2092 558 2148 ita
566 2111 707 2169 uunquam

86 2201 127 2241 ex
139 2181 229 2239 animo
240 2198 303 2237 mco
313 2176 424 2236 discedit
435 2177 506 2236 illius
518 2177 612 2258 optinui
623 2195 709 2259 atque

86 2265 248 2328 invictissimi
262 2266 312 2324 viri
326 2266 467 2326 memmio.
494 2267 595 2324 deiude
607 2287 659 2344 ego
672 2266 709 2328 is·

88 2343 151 2414 him
159 2355 194 2413 dc
203 2351 250 2412 suo
260 2353 409 2430 rego03ille
418 2373 460 2410 me
469 2353 503 2412 de
512 2351 601 2412 uostra
610 2356 710 2434 repub·

88 2443 146 2504 lica
157 2457 329 2520 percontatus
340 2439 394 2498 est:
412 2439 554 2520 multisque
566 2443 654 2502 verbis
665 2443 711 2503 us·

83 2549 138 2606 „aro
151 2532 278 2610 cinoque
291 2527 400 2600 habitis,
415 2527 461 2588 ille
475 2529 552 2599 uobis
567 2529 709 2609 consump-

178 2652 183 2660 ·
368 2621 394 2676 G
417 2631 435 2682 2
