1644 2760
216 141 565 202 nuruum-Tru.
648 160 708 220 113

51 309 56 324 Ι
90 243 189 322 inquit.
220 240 322 320 semper
334 258 415 320 auget
426 241 570 302 allentator
581 243 619 325 id,
631 245 711 321 quod

91 333 126 399 is,
145 331 223 407 cujus
236 330 272 388 ad
286 329 452 388 voluntatem
463 329 572 397 dieitur,
591 329 649 388 vult
659 329 711 390 effe
758 333 760 340 ’

91 436 230 493 magnum.
263 417 450 492 quamobrem,
472 415 594 492 quamvis
609 415 733 476 blandav

93 503 144 562 illa
153 502 256 562 vanitas
268 503 340 578 apud
348 521 394 560 eos
406 499 503 569 valeat,
519 502 566 578 qui
576 499 623 579 ipfi
634 502 711 563 illam

93 587 222 648 alludant
234 604 263 646 et
273 588 405 646 invitant:
429 603 518 646 tamen
529 589 611 646 etiam
621 590 712 666 gravi·

93 695 156 736 ores
186 671 429 751 constantioresque
454 675 615 734 admonendi
639 672 730 746 sunts

28 785 32 802 t
93 777 126 822 ut
140 761 258 820 animum
272 761 424 827 advertant,
441 779 475 818 ne
489 759 587 820 callida
598 760 711 822 all'enta·

94 849 169 908 tione
182 847 340 924 capiantur..
365 861 456 924 aperte
470 847 541 905 enim
558 847 712 910 adulantem

93 953 176 994 nemo
195 952 251 992 non
271 933 355 1001 videt,
378 929 425 992 nifi
444 933 493 1012 qui
509 933 657 994 admodum
674 934 713 997 est

27 1034 29 1038 ·
93 1039 205 1080 excors.
228 1017 343 1080 callidus
353 1017 399 1078 ille
413 1033 442 1076 et
452 1017 574 1082 occultus
587 1040 622 1079 ne
632 1018 713 1080 suin·

93 1105 190 1174 finuet,
204 1101 486 1167 studiosecavendum
499 1102 563 1168 esta.
578 1107 713 1168 nonenim

93 1191 225 1252 facillime
234 1188 397 1268 agnoscitur,
406 1191 505 1272 quippe
514 1192 561 1272 qui
572 1193 655 1252 etiam
663 1197 713 1256 adb

94 1275 226 1339 versando
243 1275 320 1353 saepe
338 1276 497 1340 all'entetur:
512 1285 552 1338 'et
566 1278 671 1358 litigare
685 1279 714 1342 se
812 1336 816 1344 .

93 1361 230 1431 damulam,
242 1362 405 1434 blandiatur,
419 1380 501 1443 atque
512 1365 547 1424 ad
557 1382 712 1429 extremum

92 1451 141 1510 det
157 1469 263 1518 manue,
287 1451 412 1528 vincique
429 1448 457 1510 se
474 1450 608 1527 patiatur:
631 1469 663 1512 ut
675 1455 711 1525 ia,

92 1537 141 1614 tpui
151 1534 245 1594 illusus
256 1534 299 1604 fit,
314 1536 375 1613 plue
389 1535 480 1594 vidille
490 1536 623 1599 videatur.
646 1539 727 1618 quid·

92 1639 184 1682 autern
195 1621 313 1698 turpius,
328 1640 411 1697 quam
421 1620 520 1680 illudi?
537 1625 612 1699 quod
622 1617 711 1686 neac-

92 1708 177 1776 oidat,
189 1707 275 1784 magia
282 1705 490 1776 cavendumest,
498 1723 528 1766 ut
536 1707 564 1766 in
573 1711 709 1787 Epiclero.

98 1793 206 1872 ‚Hodie
216 1803 277 1856 'mer
289 1809 352 1854 ante
369 1813 462 1854 omnes
480 1795 598 1858 comicos
614 1795 710 1862 stultot

135 1877 235 1943 ‚lones

112 1965 243 2035 versaris,
255 1981 341 2044 ,atque
356 1964 448 2027 luseris
460 1965 609 2032 lautillime.
630 1979 634 1986 '
698 1955 700 1964 ’

89 2055 157 2116 haec
169 2053 239 2112 enim
251 2055 332 2112 etiam
343 2054 370 2110 in
381 2053 480 2112 fabulis
492 2052 636 2132 llultiffima
646 2075 708 2136 per·

7 2134 11 2138 ’
89 2139 155 2200 sona
168 2137 205 2196 ell
219 2140 429 2215 improvidorum
442 2155 469 2198 et
483 2139 655 2202 credulorum
666 2140 707 2202 se·
726 2164 731 2171 ¹
799 2212 803 2220 ¹

88 2222 706 2306 num.sednescioquopad'toabamicitiieper·

90 2310 220 2372 scitorum
230 2311 379 2380 hominum,
388 2311 475 2380 idest,
486 2309 643 2389 sapientium
654 2313 704 2392 (de
772 2377 775 2390 ,

88 2399 141 2460 hac
152 2398 214 2458 dico
228 2394 367 2473 sapientia,
381 2417 450 2474 quae
460 2399 566 2468 ridetur
576 2400 603 2458 in
615 2402 704 2460 homi·

87 2484 252 2547 nemcadere
261 2481 345 2563 polle)
358 2484 474 2546 adleves
483 2484 613 2552 amicitias
621 2487 704 2548 defle·
