1654 2758
201 156 265 214 DE
289 149 607 211 SENECTUTE.
682 165 717 210 ιι

99 269 199 337 corpus
223 258 306 316 faciat
323 256 474 315 infirmius:
505 255 624 321 tertiam,
645 246 723 330 qnid

98 349 190 425 privet
204 346 328 406 omnibus
339 344 396 404 fere
412 342 593 421 voluptatibus
608 364 616 401 a
638 358 723 417 quar·

100 451 170 501 tam,
185 429 545 511 qundhandprocnlabfita
556 445 653 488 morte.
676 445 723 486 ea·

7 575 8 582 ,
101 518 311 597 rum,s1placet,
321 515 577 595 causarumquanta,
586 531 726 594 quamque

69 607 83 645 ⁶
99 605 211 684 sntjnsta
222 625 410 682 unaquaeqne,
426 605 574 664 videamus.
606 601 724 664 Arabus

101 695 230 772 gerendis
241 691 361 752 seneclus
372 689 520 752 abstrahit?
545 691 663 768 quibus?
688 709 725 750 an

7 777 10 782 ’
102 781 148 849 iis,
161 799 230 858 qnae
237 781 414 857 injuventute
421 793 552 854 geruntur
560 794 587 836 et
599 777 721 839 viribus?

7 869 9 872 ’
104 866 229 928 nullaene
243 867 325 943 igitur
339 887 382 925 rea
399 863 461 924 sunt
474 863 580 934 seniles,
596 885 666 944 qnae
679 862 724 926 vel

86 953 217 1016 infirmia
237 953 407 1032 corporibus,
425 953 516 1012 animo
533 967 623 1012 tamen
638 953 725 1012 admi·

41 1045 43 1054 '
105 1040 270 1100 nistrentur?
303 1039 370 1106 nihil
385 1059 450 1116 ergo
465 1039 561 1115 agebat
575 1045 622 1119 Q
631 1040 725 1099 Maxi·

20 1161 22 1166 ·
106 1128 190 1188 mua?
208 1125 273 1186 nihil
283 1133 319 1187 L.
331 1126 442 1196 Paulus,
455 1143 531 1204 pater
542 1143 615 1196 tuns,
625 1127 725 1205 Scipio,

105 1211 182 1274 socer
190 1215 287 1292 optimi
296 1214 358 1282 vini,
371 1212 420 1272 lilii
431 1213 504 1274 mei?
529 1211 628 1274 caete‘ri
638 1213 727 1282 senes,

106 1301 234 1370 Fabricii,
261 1301 347 1371 Curii,
374 1299 548 1370 Coruncanii,
572 1321 634 1360 eum
654 1321 728 1361 retn-

107 1387 242 1466 publicam
257 1385 365 1446 confilio
380 1402 408 1446 et
422 1388 581 1465 auetoritate
598 1387 728 1450 defende·

107 1475 184 1543 bant,
199 1473 265 1534 nihil
278 1475 413 1552 agebant?
439 1475 474 1534 ad
486 1484 558 1552 App.
570 1473 677 1540 Claudii
686 1473 728 1535 se*

107 1566 243 1622 nectutem
252 1563 396 1620 accedebat
404 1562 496 1630 etiam,
509 1579 539 1619 ut
548 1581 642 1620 caecus
652 1561 728 1622 esseta-

108 1664 200 1706 tamen
217 1648 251 1716 it,
271 1668 333 1707 cum
349 1645 482 1708 sententia
494 1645 600 1706 senatus
615 1647 729 1708 inclina·

109 1736 202 1795 netad
220 1754 322 1812 pacem,
346 1751 374 1794 et
388 1735 484 1794 foedus
500 1734 652 1796 laciendum
666 1755 730 1794 cum

109 1824 226 1899 Pyrrho,
250 1843 304 1880 non
319 1821 452 1902 dubitanit
467 1823 557 1882 dicere
576 1821 635 1892 illa,
658 1841 731 1901 quae

109 1906 227 1968 verfibns
239 1907 393 1985 persecutus
405 1907 441 1968 est
455 1909 573 1966 Enninst

130 1991 196 2074 Ql)
208 1996 288 2054 vobis¹
299 2013 413 2066 mentes,
428 2001 516 2070 retiae
527 2016 596 2075 quae
608 1993 675 2055 stare
686 1992 730 2056 so*

153 2081 245 2142 lebant

132 2171 266 2246 Antehac,
282 2169 420 2228 dementes
431 2165 597 2228 sesellexere
608 2169 672 2228 vil?

8 2283 10 2288 ·
111 2271 271 2332 caeteraque
290 2251 453 2331 graviffime:
478 2270 572 2316 notum
591 2256 663 2319 enim
680 2277 730 2316 vo-

111 2344 153 2402 bis
164 2362 272 2402 carmen
283 2341 337 2400 esta
362 2357 392 2400 et
400 2357 490 2400 tamen
499 2341 577 2419 iplius
589 2344 668 2421 Appii
679 2364 730 2403 ex·

9 2429 10 2432 '
112 2427 164 2488 stat
175 2429 274 2488 oratio.
297 2445 380 2506 atque
390 2429 461 2486 hanc
471 2427 518 2487 ille
526 2430 581 2506 egit
593 2427 692 2506 septem
704 2445 733 2490 et

8 2575 16 2586 ,,
42 2509 47 2526 ’
112 2509 215 2597 decem
231 2535 316 2578 annon
338 2513 397 2594 poll
419 2512 535 2578 alterum
554 2513 735 2584 consulatum,
761 2585 765 2592 Ι

395 2601 466 2660 A6

781 2563 803 2638 l
