<?xml version="1.0" encoding="UTF-8"?>
<!DOCTYPE html PUBLIC "-//W3C//DTD XHTML 1.0 Transitional//EN"
    "http://www.w3.org/TR/xhtml1/DTD/xhtml1-transitional.dtd">
<html xmlns="http://www.w3.org/1999/xhtml" xml:lang="en" lang="en">
 <head>
  <title>
</title>
<meta http-equiv="Content-Type" content="text/html;charset=utf-8" />
  <meta name='ocr-system' content='tesseract 3.04.00' />
  <meta name='ocr-capabilities' content='ocr_page ocr_carea ocr_par ocr_line ocrx_word'/>
</head>
<body>
  <div class='ocr_page' id='page_1' title='image "./mtciceroniscato01cicegoog_0151.png"; bbox 0 0 1644 2760; ppageno 0'>
   <div class='ocr_carea' id='block_1_1' title="bbox 136 108 683 218">
    <p class='ocr_par' dir='ltr' id='par_1_1' title="bbox 136 108 683 218">
     <span class='ocr_line' id='line_1_1' title="bbox 136 108 683 218; baseline 0.005 -19"><span class='ocrx_word' id='word_1_1' title='bbox 136 108 139 114; x_wconf 70' lang='grc'><strong>’</strong></span> <span class='ocrx_word' id='word_1_2' title='bbox 225 143 521 200; x_wconf 69' lang='lat' dir='ltr'>rAttooxt.</span> <span class='ocrx_word' id='word_1_3' title='bbox 625 157 683 218; x_wconf 78' lang='lat'>¹45</span> 
     </span>
    </p>
   </div>
   <div class='ocr_carea' id='block_1_2' title="bbox 18 240 689 673">
    <p class='ocr_par' dir='ltr' id='par_1_2' title="bbox 23 240 687 586">
     <span class='ocr_line' id='line_1_2' title="bbox 23 240 687 324; baseline -0.002 -22"><span class='ocrx_word' id='word_1_4' title='bbox 23 297 28 302; x_wconf 93' lang='lat'>.</span> <span class='ocrx_word' id='word_1_5' title='bbox 59 240 195 324; x_wconf 78' lang='lat' dir='ltr'>quaesitis</span> <span class='ocrx_word' id='word_1_6' title='bbox 207 244 233 304; x_wconf 84' lang='lat' dir='ltr'>se</span> <span class='ocrx_word' id='word_1_7' title='bbox 246 245 347 303; x_wconf 87' lang='lat' dir='ltr'>viribus</span> <span class='ocrx_word' id='word_1_8' title='bbox 357 242 486 302; x_wconf 74' lang='lat' dir='ltr'>sustinet?</span> <span class='ocrx_word' id='word_1_9' title='bbox 503 240 549 301; x_wconf 90' lang='lat' dir='ltr'>sed</span> <span class='ocrx_word' id='word_1_10' title='bbox 558 241 624 320; x_wconf 86' lang='lat' dir='ltr'>quid</span> <span class='ocrx_word' id='word_1_11' title='bbox 634 264 687 320; x_wconf 83' lang='lat' dir='ltr'>ego</span> 
     </span>
     <span class='ocr_line' id='line_1_3' title="bbox 60 330 687 410; baseline -0.005 -18"><span class='ocrx_word' id='word_1_12' title='bbox 60 335 98 393; x_wconf 83' lang='lat' dir='ltr'>de</span> <span class='ocrx_word' id='word_1_13' title='bbox 113 353 157 390; x_wconf 91' lang='lat' dir='ltr'>me</span> <span class='ocrx_word' id='word_1_14' title='bbox 172 330 282 410; x_wconf 86' lang='lat' dir='ltr'>loquor,</span> <span class='ocrx_word' id='word_1_15' title='bbox 308 333 354 408; x_wconf 91' lang='lat' dir='ltr'>qui</span> <span class='ocrx_word' id='word_1_16' title='bbox 369 351 474 388; x_wconf 86' lang='lat' dir='ltr'>morum</span> <span class='ocrx_word' id='word_1_17' title='bbox 490 345 687 406; x_wconf 86' lang='lat' dir='ltr'>ac-temporum</span> 
     </span>
     <span class='ocr_line' id='line_1_4' title="bbox 61 415 687 498; baseline -0.005 -18"><span class='ocrx_word' id='word_1_18' title='bbox 61 421 132 480; x_wconf 84' lang='lat' dir='ltr'>vitio</span> <span class='ocrx_word' id='word_1_19' title='bbox 155 418 324 498; x_wconf 85' lang='lat' dir='ltr'>aliquantum</span> <span class='ocrx_word' id='word_1_20' title='bbox 347 419 427 476; x_wconf 90' lang='lat' dir='ltr'>etiam</span> <span class='ocrx_word' id='word_1_21' title='bbox 450 415 505 494; x_wconf 83' lang='lat' dir='ltr'>ipse</span> <span class='ocrx_word' id='word_1_22' title='bbox 527 416 636 476; x_wconf 81' lang='lat' dir='ltr'>fortasse</span> <span class='ocrx_word' id='word_1_23' title='bbox 658 418 687 477; x_wconf 86' lang='lat' dir='ltr'>in</span> 
     </span>
     <span class='ocr_line' id='line_1_5' title="bbox 62 503 687 586; baseline -0.003 -20"><span class='ocrx_word' id='word_1_24' title='bbox 62 509 147 586; x_wconf 85' lang='lat' dir='ltr'>hujus</span> <span class='ocrx_word' id='word_1_25' title='bbox 159 503 240 564; x_wconf 88' lang='lat' dir='ltr'>seculi</span> <span class='ocrx_word' id='word_1_26' title='bbox 250 526 343 565; x_wconf 90' lang='lat' dir='ltr'>errore</span> <span class='ocrx_word' id='word_1_27' title='bbox 354 503 465 564; x_wconf 85' lang='lat' dir='ltr'>verser?</span> <span class='ocrx_word' id='word_1_28' title='bbox 490 507 542 565; x_wconf 90' lang='grc' dir='ltr'>Μ’.</span> <span class='ocrx_word' id='word_1_29' title='bbox 557 503 687 564; x_wconf 80' lang='lat' dir='ltr'>Manilius</span> 
     </span>
    </p>

    <p class='ocr_par' dir='ltr' id='par_1_3' title="bbox 18 587 689 673">
     <span class='ocr_line' id='line_1_6' title="bbox 18 587 689 673; baseline 0 -21"><span class='ocrx_word' id='word_1_30' title='bbox 18 593 20 612; x_wconf 72' lang='lat'><em>&#39;</em></span> <span class='ocrx_word' id='word_1_31' title='bbox 63 610 175 673; x_wconf 78' lang='lat' dir='ltr'>patrum</span> <span class='ocrx_word' id='word_1_32' title='bbox 197 593 349 655; x_wconf 85' lang='lat' dir='ltr'>nostrorum</span> <span class='ocrx_word' id='word_1_33' title='bbox 370 587 565 669; x_wconf 66' lang='lat' dir='ltr'>memoria·&#39;(ne</span> <span class='ocrx_word' id='word_1_34' title='bbox 583 589 689 672; x_wconf 83' lang='lat' dir='ltr'>semper</span> 
     </span>
    </p>
   </div>
   <div class='ocr_carea' id='block_1_3' title="bbox 18 677 690 1544">
    <p class='ocr_par' dir='ltr' id='par_1_4' title="bbox 18 677 688 1018">
     <span class='ocr_line' id='line_1_7' title="bbox 18 677 688 758; baseline 0.006 -24"><span class='ocrx_word' id='word_1_35' title='bbox 18 693 20 734; x_wconf 82' lang='grc'>;</span> <span class='ocrx_word' id='word_1_36' title='bbox 64 681 166 740; x_wconf 85' lang='lat' dir='ltr'>Curios</span> <span class='ocrx_word' id='word_1_37' title='bbox 190 697 218 739; x_wconf 92' lang='lat' dir='ltr'>et</span> <span class='ocrx_word' id='word_1_38' title='bbox 241 677 381 738; x_wconf 77' lang='lat' dir='ltr'>Luscinios</span> <span class='ocrx_word' id='word_1_39' title='bbox 404 679 561 758; x_wconf 85' lang='lat' dir='ltr'>loquamur)</span> <span class='ocrx_word' id='word_1_40' title='bbox 586 699 688 758; x_wconf 84' lang='lat' dir='ltr'>pauper</span> 
     </span>
     <span class='ocr_line' id='line_1_8' title="bbox 18 766 686 846; baseline 0.003 -20"><span class='ocrx_word' id='word_1_41' title='bbox 18 787 24 802; x_wconf 76' lang='lat'><em>¹</em></span> <span class='ocrx_word' id='word_1_42' title='bbox 63 769 176 846; x_wconf 73' lang='lat' dir='ltr'>tamdem</span> <span class='ocrx_word' id='word_1_43' title='bbox 197 767 259 828; x_wconf 83' lang='lat' dir='ltr'>fuit.</span> <span class='ocrx_word' id='word_1_44' title='bbox 297 768 391 826; x_wconf 82' lang='lat' dir='ltr'>habuit</span> <span class='ocrx_word' id='word_1_45' title='bbox 411 768 483 825; x_wconf 86' lang='lat' dir='ltr'>enim</span> <span class='ocrx_word' id='word_1_46' title='bbox 503 766 637 836; x_wconf 78' lang='lat' dir='ltr'>aediculas</span> <span class='ocrx_word' id='word_1_47' title='bbox 657 768 686 828; x_wconf 84' lang='lat' dir='ltr'>in</span> 
     </span>
     <span class='ocr_line' id='line_1_9' title="bbox 18 853 686 936; baseline 0.001 -22"><span class='ocrx_word' id='word_1_48' title='bbox 18 913 20 922; x_wconf 77' lang='grc'>,</span> <span class='ocrx_word' id='word_1_49' title='bbox 64 856 174 914; x_wconf 85' lang='lat' dir='ltr'>Carinis</span> <span class='ocrx_word' id='word_1_50' title='bbox 188 871 217 913; x_wconf 88' lang='lat' dir='ltr'>et</span> <span class='ocrx_word' id='word_1_51' title='bbox 230 853 350 936; x_wconf 85' lang='lat' dir='ltr'>fundum</span> <span class='ocrx_word' id='word_1_52' title='bbox 358 856 386 912; x_wconf 89' lang='lat' dir='ltr'>in</span> <span class='ocrx_word' id='word_1_53' title='bbox 398 855 546 914; x_wconf 82' lang='lat' dir='ltr'>Labicano.</span> <span class='ocrx_word' id='word_1_54' title='bbox 569 874 619 914; x_wconf 87' lang='lat' dir='ltr'>nos</span> <span class='ocrx_word' id='word_1_55' title='bbox 633 855 686 933; x_wconf 82' lang='lat' dir='ltr'>igi·</span> 
     </span>
     <span class='ocr_line' id='line_1_10' title="bbox 19 933 688 1018; baseline 0.003 -16"><span class='ocrx_word' id='word_1_56' title='bbox 19 933 20 942; x_wconf 35' lang='lat'>¹</span> <span class='ocrx_word' id='word_1_57' title='bbox 63 942 273 1010; x_wconf 86' lang='lat' dir='ltr'>turdivitiores‚</span> <span class='ocrx_word' id='word_1_58' title='bbox 284 943 330 1018; x_wconf 86' lang='lat' dir='ltr'>qui</span> <span class='ocrx_word' id='word_1_59' title='bbox 340 940 569 1018; x_wconf 79' lang='lat' dir='ltr'>plura&#39;habemus?</span> <span class='ocrx_word' id='word_1_60' title='bbox 584 943 688 1004; x_wconf 88' lang='lat' dir='ltr'>utinam</span> 
     </span>
    </p>

    <p class='ocr_par' dir='ltr' id='par_1_5' title="bbox 64 1027 688 1108">
     <span class='ocr_line' id='line_1_11' title="bbox 64 1027 688 1108; baseline 0.005 -21"><span class='ocrx_word' id='word_1_61' title='bbox 64 1030 179 1108; x_wconf 88' lang='lat' dir='ltr'>quidem</span> <span class='ocrx_word' id='word_1_62' title='bbox 190 1034 196 1087; x_wconf 85' lang='lat'>!</span> <span class='ocrx_word' id='word_1_63' title='bbox 210 1027 319 1086; x_wconf 89' lang='lat' dir='ltr'>sednon</span> <span class='ocrx_word' id='word_1_64' title='bbox 330 1027 510 1087; x_wconf 86' lang='lat' dir='ltr'>aestimatione</span> <span class='ocrx_word' id='word_1_65' title='bbox 520 1030 628 1106; x_wconf 69' lang='lat' dir='ltr'>censis,</span> <span class='ocrx_word' id='word_1_66' title='bbox 638 1051 688 1090; x_wconf 84' lang='lat' dir='ltr'>ve·</span> 
     </span>
    </p>

    <p class='ocr_par' dir='ltr' id='par_1_6' title="bbox 18 1114 690 1544">
     <span class='ocr_line' id='line_1_12' title="bbox 65 1114 687 1194; baseline 0.003 -19"><span class='ocrx_word' id='word_1_67' title='bbox 65 1137 128 1176; x_wconf 84' lang='lat' dir='ltr'>rum</span> <span class='ocrx_word' id='word_1_68' title='bbox 140 1116 210 1174; x_wconf 63' lang='lat' dir='ltr'>vietu</span> <span class='ocrx_word' id='word_1_69' title='bbox 226 1131 307 1193; x_wconf 85' lang='lat' dir='ltr'>atque</span> <span class='ocrx_word' id='word_1_70' title='bbox 319 1114 394 1174; x_wconf 89' lang='lat' dir='ltr'>cultu</span> <span class='ocrx_word' id='word_1_71' title='bbox 407 1116 565 1179; x_wconf 85' lang='lat' dir='ltr'>terminatur</span> <span class='ocrx_word' id='word_1_72' title='bbox 577 1119 687 1194; x_wconf 84' lang='lat' dir='ltr'>pecuni-</span> 
     </span>
     <span class='ocr_line' id='line_1_13' title="bbox 20 1201 687 1301; baseline 0.009 -41"><span class='ocrx_word' id='word_1_73' title='bbox 20 1219 24 1260; x_wconf 61' lang='grc' dir='ltr'>ἰ</span> <span class='ocrx_word' id='word_1_74' title='bbox 51 1203 217 1301; x_wconf 51' lang='lat' dir='ltr'>⁸periodus.</span> <span class='ocrx_word' id='word_1_75' title='bbox 233 1222 287 1262; x_wconf 87' lang='lat' dir='ltr'>non</span> <span class='ocrx_word' id='word_1_76' title='bbox 297 1201 348 1261; x_wconf 83' lang='lat' dir='ltr'>effe</span> <span class='ocrx_word' id='word_1_77' title='bbox 357 1203 494 1283; x_wconf 88' lang='lat' dir='ltr'>cupidum,</span> <span class='ocrx_word' id='word_1_78' title='bbox 507 1206 620 1281; x_wconf 81' lang='lat' dir='ltr'>pecunia</span> <span class='ocrx_word' id='word_1_79' title='bbox 628 1205 687 1267; x_wconf 71' lang='lat' dir='ltr'>este</span> 
     </span>
     <span class='ocr_line' id='line_1_14' title="bbox 18 1289 689 1367; baseline 0.006 -18"><span class='ocrx_word' id='word_1_80' title='bbox 18 1349 19 1356; x_wconf 66' lang='grc'>,</span> <span class='ocrx_word' id='word_1_81' title='bbox 65 1311 122 1350; x_wconf 87' lang='lat' dir='ltr'>non</span> <span class='ocrx_word' id='word_1_82' title='bbox 138 1289 188 1348; x_wconf 80' lang='lat' dir='ltr'>effe</span> <span class='ocrx_word' id='word_1_83' title='bbox 206 1309 336 1358; x_wconf 88' lang='lat' dir='ltr'>emacem,</span> <span class='ocrx_word' id='word_1_84' title='bbox 357 1289 470 1367; x_wconf 69' lang='lat' dir='ltr'>vettigal</span> <span class='ocrx_word' id='word_1_85' title='bbox 491 1289 538 1352; x_wconf 90' lang='lat' dir='ltr'>est.</span> <span class='ocrx_word' id='word_1_86' title='bbox 575 1309 689 1358; x_wconf 64' lang='lat' dir='ltr'>contene</span> 
     </span>
     <span class='ocr_line' id='line_1_15' title="bbox 18 1375 689 1446; baseline 0 -6"><span class='ocrx_word' id='word_1_87' title='bbox 18 1423 19 1440; x_wconf 45' lang='lat' dir='ltr'>t</span> <span class='ocrx_word' id='word_1_88' title='bbox 52 1395 126 1438; x_wconf 54' lang='lat' dir='ltr'>‘tum</span> <span class='ocrx_word' id='word_1_89' title='bbox 141 1398 207 1436; x_wconf 87' lang='lat' dir='ltr'>vero</span> <span class='ocrx_word' id='word_1_90' title='bbox 221 1375 273 1436; x_wconf 86' lang='lat' dir='ltr'>suis</span> <span class='ocrx_word' id='word_1_91' title='bbox 293 1378 372 1436; x_wconf 86' lang='lat' dir='ltr'>rebus</span> <span class='ocrx_word' id='word_1_92' title='bbox 389 1376 450 1446; x_wconf 73' lang='lat' dir='ltr'>effe,</span> <span class='ocrx_word' id='word_1_93' title='bbox 475 1379 609 1438; x_wconf 84' lang='lat' dir='ltr'>maximae</span> <span class='ocrx_word' id='word_1_94' title='bbox 627 1378 689 1440; x_wconf 86' lang='lat' dir='ltr'>sunt</span> 
     </span>
     <span class='ocr_line' id='line_1_16' title="bbox 19 1464 690 1544; baseline 0.001 -18"><span class='ocrx_word' id='word_1_95' title='bbox 19 1521 20 1526; x_wconf 73' lang='grc'>,</span> <span class='ocrx_word' id='word_1_96' title='bbox 65 1464 276 1544; x_wconf 69' lang='lat' dir='ltr'>certissimaeque</span> <span class='ocrx_word' id='word_1_97' title='bbox 291 1465 408 1525; x_wconf 89' lang='lat' dir='ltr'>divitiae.</span> <span class='ocrx_word' id='word_1_98' title='bbox 432 1466 531 1524; x_wconf 87' lang='lat' dir='ltr'>etenim</span> <span class='ocrx_word' id='word_1_99' title='bbox 545 1464 563 1524; x_wconf 84' lang='lat' dir='ltr'>st</span> <span class='ocrx_word' id='word_1_100' title='bbox 578 1466 619 1526; x_wconf 92' lang='lat' dir='ltr'>isti</span> <span class='ocrx_word' id='word_1_101' title='bbox 631 1468 690 1527; x_wconf 86' lang='lat' dir='ltr'>cal-</span> 
     </span>
    </p>
   </div>
   <div class='ocr_carea' id='block_1_4' title="bbox 19 1549 776 1630">
    <p class='ocr_par' dir='ltr' id='par_1_7' title="bbox 19 1549 776 1630">
     <span class='ocr_line' id='line_1_17' title="bbox 19 1549 776 1630; baseline 0.007 -18"><span class='ocrx_word' id='word_1_102' title='bbox 19 1607 20 1612; x_wconf 73' lang='grc'>,</span> <span class='ocrx_word' id='word_1_103' title='bbox 65 1553 116 1612; x_wconf 82' lang='lat' dir='ltr'>lidi</span> <span class='ocrx_word' id='word_1_104' title='bbox 137 1573 227 1612; x_wconf 87' lang='lat' dir='ltr'>rerum</span> <span class='ocrx_word' id='word_1_105' title='bbox 248 1549 440 1621; x_wconf 83' lang='lat' dir='ltr'>aestimatores,</span> <span class='ocrx_word' id='word_1_106' title='bbox 463 1561 541 1630; x_wconf 82' lang='lat' dir='ltr'>prata</span> <span class='ocrx_word' id='word_1_107' title='bbox 560 1569 589 1612; x_wconf 90' lang='lat' dir='ltr'>et</span> <span class='ocrx_word' id='word_1_108' title='bbox 611 1575 688 1616; x_wconf 79' lang='lat' dir='ltr'>areas</span> <span class='ocrx_word' id='word_1_109' title='bbox 770 1552 776 1561; x_wconf 72' lang='grc'><strong>’</strong></span> 
     </span>
    </p>
   </div>
   <div class='ocr_carea' id='block_1_5' title="bbox 19 1637 720 1724">
    <p class='ocr_par' dir='ltr' id='par_1_8' title="bbox 19 1637 720 1724">
     <span class='ocr_line' id='line_1_18' title="bbox 19 1637 720 1724; baseline 0.004 -25"><span class='ocrx_word' id='word_1_110' title='bbox 19 1695 20 1706; x_wconf 69' lang='grc'>,</span> <span class='ocrx_word' id='word_1_111' title='bbox 66 1637 199 1719; x_wconf 80' lang='lat' dir='ltr'>quasdam</span> <span class='ocrx_word' id='word_1_112' title='bbox 210 1659 308 1716; x_wconf 85' lang='lat' dir='ltr'>magno</span> <span class='ocrx_word' id='word_1_113' title='bbox 320 1637 468 1708; x_wconf 79' lang='lat' dir='ltr'>aestimant,</span> <span class='ocrx_word' id='word_1_114' title='bbox 481 1641 556 1718; x_wconf 89' lang='lat' dir='ltr'>quod</span> <span class='ocrx_word' id='word_1_115' title='bbox 567 1642 591 1699; x_wconf 91' lang='lat' dir='ltr'>ei</span> <span class='ocrx_word' id='word_1_116' title='bbox 606 1663 688 1721; x_wconf 87' lang='lat' dir='ltr'>gene·</span> <span class='ocrx_word' id='word_1_117' title='bbox 716 1713 720 1724; x_wconf 20' lang='lat' dir='ltr'>k</span> 
     </span>
    </p>
   </div>
   <div class='ocr_carea' id='block_1_6' title="bbox 19 1725 689 2158">
    <p class='ocr_par' dir='ltr' id='par_1_9' title="bbox 19 1725 689 2158">
     <span class='ocr_line' id='line_1_19' title="bbox 19 1725 688 1808; baseline 0.004 -22"><span class='ocrx_word' id='word_1_118' title='bbox 19 1759 22 1796; x_wconf 73' lang='grc' dir='ltr'>ι</span> <span class='ocrx_word' id='word_1_119' title='bbox 66 1727 92 1786; x_wconf 89' lang='lat' dir='ltr'>ri</span> <span class='ocrx_word' id='word_1_120' title='bbox 110 1725 291 1806; x_wconf 83' lang='lat' dir='ltr'>possessionum</span> <span class='ocrx_word' id='word_1_121' title='bbox 311 1727 420 1784; x_wconf 89' lang='lat' dir='ltr'>minime</span> <span class='ocrx_word' id='word_1_122' title='bbox 437 1726 509 1804; x_wconf 79' lang='lat' dir='ltr'>quast</span> <span class='ocrx_word' id='word_1_123' title='bbox 528 1730 619 1787; x_wconf 86' lang='lat' dir='ltr'>noceri</span> <span class='ocrx_word' id='word_1_124' title='bbox 637 1751 688 1808; x_wconf 90' lang='lat' dir='ltr'>po·</span> 
     </span>
     <span class='ocr_line' id='line_1_20' title="bbox 19 1811 689 1897; baseline 0.01 -24"><span class='ocrx_word' id='word_1_125' title='bbox 19 1869 21 1892; x_wconf 36' lang='lat' dir='ltr'><em>s</em></span> <span class='ocrx_word' id='word_1_126' title='bbox 67 1813 137 1874; x_wconf 82' lang='lat' dir='ltr'>test:</span> <span class='ocrx_word' id='word_1_127' title='bbox 162 1814 256 1894; x_wconf 82' lang='lat' dir='ltr'>quanti</span> <span class='ocrx_word' id='word_1_128' title='bbox 271 1811 308 1872; x_wconf 87' lang='lat' dir='ltr'>est</span> <span class='ocrx_word' id='word_1_129' title='bbox 324 1813 487 1874; x_wconf 83' lang='lat' dir='ltr'>aestimanda</span> <span class='ocrx_word' id='word_1_130' title='bbox 504 1814 600 1886; x_wconf 68' lang='lat' dir='ltr'>virtut,</span> <span class='ocrx_word' id='word_1_131' title='bbox 618 1837 689 1897; x_wconf 85' lang='lat' dir='ltr'>quae</span> 
     </span>
     <span class='ocr_line' id='line_1_21' title="bbox 19 1899 688 1982; baseline 0.012 -24"><span class='ocrx_word' id='word_1_132' title='bbox 19 1943 22 1958; x_wconf 89' lang='lat'><em>.</em></span> <span class='ocrx_word' id='word_1_133' title='bbox 69 1903 208 1979; x_wconf 85' lang='lat' dir='ltr'>neceripi‚</span> <span class='ocrx_word' id='word_1_134' title='bbox 224 1923 273 1960; x_wconf 89' lang='lat' dir='ltr'>nec</span> <span class='ocrx_word' id='word_1_135' title='bbox 285 1899 381 1980; x_wconf 88' lang='lat' dir='ltr'>surripi</span> <span class='ocrx_word' id='word_1_136' title='bbox 391 1901 475 1979; x_wconf 90' lang='lat' dir='ltr'>potest</span> <span class='ocrx_word' id='word_1_137' title='bbox 486 1923 605 1982; x_wconf 83' lang='lat' dir='ltr'>unquam</span> <span class='ocrx_word' id='word_1_138' title='bbox 613 1927 688 1978; x_wconf 88' lang='lat' dir='ltr'>;-ne·</span> 
     </span>
     <span class='ocr_line' id='line_1_22' title="bbox 19 1989 688 2068; baseline 0.003 -21"><span class='ocrx_word' id='word_1_139' title='bbox 19 2021 23 2060; x_wconf 79' lang='lat' dir='ltr'>t</span> <span class='ocrx_word' id='word_1_140' title='bbox 69 2009 125 2068; x_wconf 88' lang='lat' dir='ltr'>que</span> <span class='ocrx_word' id='word_1_141' title='bbox 148 1989 299 2066; x_wconf 84' lang='lat' dir='ltr'>naufragio,</span> <span class='ocrx_word' id='word_1_142' title='bbox 328 2009 416 2068; x_wconf 78' lang='lat' dir='ltr'>neque</span> <span class='ocrx_word' id='word_1_143' title='bbox 437 1990 562 2048; x_wconf 86' lang='lat' dir='ltr'>incendio</span> <span class='ocrx_word' id='word_1_144' title='bbox 585 1994 688 2053; x_wconf 53' lang='lat' dir='ltr'>amitti„</span> 
     </span>
     <span class='ocr_line' id='line_1_23' title="bbox 19 2076 689 2158; baseline 0.009 -24"><span class='ocrx_word' id='word_1_145' title='bbox 19 2117 23 2134; x_wconf 88' lang='lat'><em>.</em></span> <span class='ocrx_word' id='word_1_146' title='bbox 68 2094 127 2148; x_wconf 86' lang='lat' dir='ltr'>rur;</span> <span class='ocrx_word' id='word_1_147' title='bbox 141 2097 190 2134; x_wconf 89' lang='lat' dir='ltr'>nec</span> <span class='ocrx_word' id='word_1_148' title='bbox 199 2076 395 2154; x_wconf 87' lang='lat' dir='ltr'>tempestatum,</span> <span class='ocrx_word' id='word_1_149' title='bbox 405 2097 453 2134; x_wconf 90' lang='lat' dir='ltr'>nec</span> <span class='ocrx_word' id='word_1_150' title='bbox 462 2092 615 2155; x_wconf 89' lang='lat' dir='ltr'>temporum</span> <span class='ocrx_word' id='word_1_151' title='bbox 626 2101 689 2158; x_wconf 90' lang='lat' dir='ltr'>per·</span> 
     </span>
    </p>
   </div>
   <div class='ocr_carea' id='block_1_7' title="bbox 19 2164 756 2243">
    <p class='ocr_par' dir='ltr' id='par_1_10' title="bbox 19 2164 756 2243">
     <span class='ocr_line' id='line_1_24' title="bbox 19 2164 756 2243; baseline 0.011 -23"><span class='ocrx_word' id='word_1_152' title='bbox 19 2205 23 2220; x_wconf 92' lang='lat'>.</span> <span class='ocrx_word' id='word_1_153' title='bbox 68 2164 220 2224; x_wconf 86' lang='lat' dir='ltr'>mutatione</span> <span class='ocrx_word' id='word_1_154' title='bbox 229 2165 362 2232; x_wconf 70' lang='lat' dir='ltr'>mutatur?</span> <span class='ocrx_word' id='word_1_155' title='bbox 376 2184 429 2242; x_wconf 86' lang='lat' dir='ltr'>qua</span> <span class='ocrx_word' id='word_1_156' title='bbox 438 2165 551 2241; x_wconf 86' lang='lat' dir='ltr'>praediti</span> <span class='ocrx_word' id='word_1_157' title='bbox 560 2165 688 2243; x_wconf 89' lang='lat' dir='ltr'>quisunt,</span> <span class='ocrx_word' id='word_1_158' title='bbox 753 2213 756 2218; x_wconf 78' lang='lat'><em>,</em></span> 
     </span>
    </p>
   </div>
   <div class='ocr_carea' id='block_1_8' title="bbox 19 2248 697 2600">
    <p class='ocr_par' dir='ltr' id='par_1_11' title="bbox 19 2248 697 2600">
     <span class='ocr_line' id='line_1_25' title="bbox 19 2248 689 2329; baseline 0.015 -22"><span class='ocrx_word' id='word_1_159' title='bbox 19 2295 23 2307; x_wconf 95' lang='lat'><em>.</em></span> <span class='ocrx_word' id='word_1_160' title='bbox 68 2250 120 2313; x_wconf 92' lang='lat' dir='ltr'>soli</span> <span class='ocrx_word' id='word_1_161' title='bbox 134 2248 311 2311; x_wconf 81' lang='lat' dir='ltr'>suntdivites.</span> <span class='ocrx_word' id='word_1_162' title='bbox 330 2249 379 2308; x_wconf 87' lang='lat' dir='ltr'>soli</span> <span class='ocrx_word' id='word_1_163' title='bbox 388 2251 458 2310; x_wconf 91' lang='lat' dir='ltr'>enim</span> <span class='ocrx_word' id='word_1_164' title='bbox 470 2250 650 2329; x_wconf 85' lang='lat' dir='ltr'>possidentres</span> <span class='ocrx_word' id='word_1_165' title='bbox 659 2251 689 2316; x_wconf 81' lang='lat' dir='ltr'>et</span> 
     </span>
     <span class='ocr_line' id='line_1_26' title="bbox 19 2335 687 2420; baseline 0.004 -21"><span class='ocrx_word' id='word_1_166' title='bbox 19 2393 23 2418; x_wconf 78' lang='grc'>,</span> <span class='ocrx_word' id='word_1_167' title='bbox 68 2335 230 2408; x_wconf 72' lang='lat' dir='ltr'>fructuosas,</span> <span class='ocrx_word' id='word_1_168' title='bbox 243 2354 271 2397; x_wconf 89' lang='lat' dir='ltr'>et</span> <span class='ocrx_word' id='word_1_169' title='bbox 280 2336 464 2414; x_wconf 88' lang='lat' dir='ltr'>sempiternas:</span> <span class='ocrx_word' id='word_1_170' title='bbox 478 2336 580 2416; x_wconf 90' lang='lat' dir='ltr'>solique</span> <span class='ocrx_word' id='word_1_171' title='bbox 593 2343 687 2420; x_wconf 89' lang='lat' dir='ltr'>[quod</span> 
     </span>
     <span class='ocr_line' id='line_1_27' title="bbox 19 2425 686 2505; baseline 0.009 -19"><span class='ocrx_word' id='word_1_172' title='bbox 19 2435 24 2496; x_wconf 82' lang='lat' dir='ltr'>l</span> <span class='ocrx_word' id='word_1_173' title='bbox 68 2426 107 2488; x_wconf 88' lang='lat' dir='ltr'>est</span> <span class='ocrx_word' id='word_1_174' title='bbox 129 2427 268 2505; x_wconf 82' lang='lat' dir='ltr'>proprium</span> <span class='ocrx_word' id='word_1_175' title='bbox 289 2425 468 2500; x_wconf 86' lang='lat' dir='ltr'>divitiarum]</span> <span class='ocrx_word' id='word_1_176' title='bbox 485 2428 605 2486; x_wconf 86' lang='lat' dir='ltr'>contenti</span> <span class='ocrx_word' id='word_1_177' title='bbox 624 2427 686 2492; x_wconf 89' lang='lat' dir='ltr'>sunt</span> 
     </span>
     <span class='ocr_line' id='line_1_28' title="bbox 19 2509 697 2600; baseline 0.007 -24"><span class='ocrx_word' id='word_1_178' title='bbox 19 2545 33 2586; x_wconf 83' lang='lat' dir='ltr'>t:</span> <span class='ocrx_word' id='word_1_179' title='bbox 67 2515 150 2576; x_wconf 77' lang='lat' dir='ltr'>rebus</span> <span class='ocrx_word' id='word_1_180' title='bbox 159 2511 222 2590; x_wconf 71' lang='lat' dir='ltr'>spis.</span> <span class='ocrx_word' id='word_1_181' title='bbox 237 2511 300 2575; x_wconf 82' lang='lat' dir='ltr'>satis</span> <span class='ocrx_word' id='word_1_182' title='bbox 310 2509 360 2574; x_wconf 84' lang='lat' dir='ltr'>effe</span> <span class='ocrx_word' id='word_1_183' title='bbox 369 2527 475 2589; x_wconf 78' lang='lat' dir='ltr'>putant,</span> <span class='ocrx_word' id='word_1_184' title='bbox 488 2515 562 2593; x_wconf 88' lang='lat' dir='ltr'>quod</span> <span class='ocrx_word' id='word_1_185' title='bbox 571 2513 624 2578; x_wconf 88' lang='lat' dir='ltr'>est:</span> <span class='ocrx_word' id='word_1_186' title='bbox 642 2521 697 2600; x_wconf 51' lang='lat' dir='ltr'>nis</span> 
     </span>
    </p>
   </div>
   <div class='ocr_carea' id='block_1_9' title="bbox 0 0 835 2760">
    <p class='ocr_par' dir='ltr' id='par_1_12' title="bbox 0 0 835 2760">
     <span class='ocr_line' id='line_1_29' title="bbox 0 0 835 2760; baseline 0 0"><span class='ocrx_word' id='word_1_187' title='bbox 0 0 835 2760; x_wconf 95' lang='lat' dir='ltr'> </span> 
     </span>
    </p>
   </div>
   <div class='ocr_carea' id='block_1_10' title="bbox 767 2649 804 2730">
    <p class='ocr_par' dir='ltr' id='par_1_13' title="bbox 767 2649 804 2730">
     <span class='ocr_line' id='line_1_30' title="bbox 767 2649 804 2730; baseline 0 0"><span class='ocrx_word' id='word_1_188' title='bbox 767 2649 804 2730; x_wconf 74' lang='grc' dir='ltr'><strong><em>Δ</em></strong></span> 
     </span>
    </p>
   </div>
  </div>
 </body>
</html>
