1644 2760
238 178 240 183 ·
282 157 545 215 sctl’loNts.
661 151 719 230 r'5'3

102 261 241 320 hominum
253 247 500 338 generi-prosperus
512 274 540 316 et
555 253 676 321 [alutaris
688 255 722 313 il·

104 351 130 407 le
145 348 246 426 fulgor,
263 349 309 426 qui
323 349 423 406 dicitur
439 347 524 421 Jovis.
541 361 601 402 tum
615 343 723 413 rutilus,

105 433 295 513 horribilisque
311 435 401 502 terris,
424 454 505 512 quern
523 438 640 490 Martem
656 432 724 490 dici·
766 513 768 516 Ι

106 524 153 582 tis.
176 523 273 580 deinde
285 519 374 580 subter
386 523 502 579 mediam
519 519 576 578 fere
589 520 726 596 regionem

107 609 152 689 sol
164 611 279 678 obtinet,
292 611 361 677 dux,
376 625 404 666 et
416 609 550 690 princeps,
564 623 591 665 et
601 607 727 665 modera-

107 711 152 754 tor
171 695 301 778 luminum
326 696 501 774 reliquorum,
525 715 600 752 mens
621 695 725 764 mundi,

107 799 136 842 et
147 785 316 862 temperatio,
329 800 404 842 tanta
413 783 606 860 magnitudine,
620 799 650 840 ut
660 803 726 842 cun·

108 875 151 930 tta
161 867 208 929 sua
222 870 283 930 luce
296 870 420 938 illustret,
435 886 463 928 et
477 869 620 947 compleat.
655 873 728 929 hunc

108 974 139 1015 ut
153 959 266 1042 comites
283 956 493 1037 consequuntur,
518 957 586 1016 alter
603 959 727 1028 Veneris,

108 1044 178 1102 alter
194 1047 324 1104 Metcurii
336 1044 443 1104 cursus:
461 1046 490 1103 in
503 1044 648 1126 infimoque
661 1048 727 1106 orbe

108 1137 197 1200 Luna,
225 1133 306 1190 radiis
328 1130 392 1190 solis
416 1131 526 1191 accensa
547 1135 725 1194 convertitur.

107 1217 180 1278 infra
194 1235 284 1277 autem
296 1221 353 1298 jam
366 1219 433 1278 nihil
448 1218 495 1289 est,
512 1218 558 1278 nist
574 1219 688 1302 mortale
700 1236 728 1280 et

106 1307 249 1375 caducum,
282 1324 388 1384 praeter
406 1308 509 1366 animos
529 1309 620 1384 generi
637 1310 726 1366 homi·

106 1413 182 1462 num,
192 1414 303 1453 munere
315 1397 429 1453 deorum
441 1395 531 1456 datos.
549 1394 625 1474 supra
634 1395 726 1454 lunam

104 1478 166 1538 sunt
175 1497 285 1540 aeterna
296 1484 397 1562 omniq.
416 1503 476 1561 nam
488 1504 530 1552 ea,
544 1481 659 1560 quae-est
668 1504 726 1543 me·

104 1569 160 1636 dia,
173 1585 199 1626 et
210 1589 280 1627 nona
289 1568 380 1638 tellus,
397 1590 485 1647 neque
494 1582 629 1640 movetur,
645 1585 672 1631 et
684 1573 725 1632 in·

106 1654 170 1714 fima
190 1655 239 1723 est,
259 1672 287 1714 et
303 1657 330 1714 iu
349 1677 408 1716 eam
425 1657 550 1742 feruntur
562 1659 660 1731 ,omnia
676 1657 726 1720 suo

69 1765 86 1808 s
106 1758 174 1803 nutu
183 1744 315 1821 pondera.
380 1751 459 1822 Qae
471 1765 533 1805 cum
542 1747 661 1816 intuerer
671 1745 726 1806 stu·

104 1850 181 1910 pens,
197 1847 228 1890 ut
242 1851 285 1889 me
301 1833 398 1908 recepi,
417 1834 505 1911 quid?
530 1834 584 1902 hic,
603 1833 725 1912 inquam,

104 1919 166 1997 quis
176 1919 224 1987 est,
240 1919 286 1996 qui
297 1918 413 1995 complet
426 1940 503 1979 aures
513 1939 585 1979 meas
596 1937 686 1981 tantus
697 1937 726 1981 et

104 2021 161 2063 tam
172 2005 259 2064 dulcis
269 2003 346 2064 sonus
358 2007 368 2064 l
385 2007 430 2063 hic
441 2005 493 2075 est,
504 2009 591 2086 inquit
603 2008 659 2077 ille,
675 2009 724 2088 qui

778 891 811 1017 t

102 2091 255 2152 intervallis
269 2094 427 2170 conjunctus
442 2094 598 2172 imparibus,
621 2093 668 2154 sed
682 2111 724 2156 ta·
781 2157 787 2162 ,

102 2199 165 2238 men
191 2201 241 2258 pro
269 2195 329 2238 rata
356 2182 481 2258 portione¹
505 2180 644 2252 distinctis,
673 2183 724 2244 im·

102 2264 181 2345 pulsu
199 2284 227 2326 et
241 2284 315 2326 motu
331 2266 448 2344 ipsorum
466 2269 572 2327 orbium
588 2268 723 2329 efficiturt

16 2384 18 2388 .
102 2354 151 2433 qui
161 2369 239 2414 acuta
248 2375 308 2413 cum
317 2356 444 2432 gravibus
456 2371 618 2434 temperant,
634 2359 724 2419 varios

101 2441 280 2520 aequabiliter
293 2461 440 2503 concentus
454 2443 547 2504 efficit.
585 2463 635 2504 nec
650 2447 723 2504 enim

101 2527 205 2592 lilentio
224 2531 293 2593 tanti
312 2547 403 2593 motus
424 2532 530 2594 incitari
554 2531 669 2610 poliunt,
694 2545 723 2591 et
767 2541 805 2656 pl
