1658 2762
111 219 114 223 ,
206 156 270 217 nn
294 156 612 234 sunnon-ure.
686 167 727 234 ις

106 253 185 314 bonis
196 253 320 314 interdici
331 251 415 324 solet;
440 253 474 314 sic
485 253 574 325 illum,
591 256 665 336 quasi
679 261 729 319 de·

108 337 255 416 fipientem,
272 361 326 398 are
338 338 468 403 familiari.
477 360 647 403 removerent
656 347 732 423 judi·
815 367 816 370 ’

109 447 165 487 cos.
178 444 235 485 tum
244 424 328 486 seoe'x
336 427 437 488 dicitur
447 449 507 507 eam
516 429 734 509 fabulam‚quam

110 513 139 572 in
157 515 280 572 manibus
294 515 421 582 babebat,
439 531 468 576 et
482 517 607 594 proxime
621 516 733 596 scripse·

112 616 167 668 rat,
188 601 323 678 Oedipum
337 601 489 662 Coloneum
504 603 621 663 recinffe
633 607 734 682 judici»

112 688 176 755 bna,
191 685 381 766 quaesisseque,
399 709 462 748 num
478 689 547 748 illud
561 711 669 750 carmen
686 695 733 754 de·

114 771 231 852 sipientia
246 775 394 833 videretur.
417 795 474 852 quo
487 779 613 846 recitato,
629 776 735 839 senten·

115 861 160 918 tiis
178 861 302 938 judicum
321 859 358 920 est
378 860 520 923 liberatus.
570 885 633 924 num
648 866 736 942 igitur

114 949 198 1014 bunc,
223 965 287 1004 num
307 952 468 1016 Homerum,
491 969 556 1008 num
577 949 737 1023 Hesiodum,

115 1025 186 1092 num*
195 1035 372 1101 Simonidem,
382 1055 448 1092 num
457 1034 646 1106 stesichorum,
659 1060 735 1110 nuni,

113 1139 187 1196 quor
195 1121 340 1188 antedixi,
349 1119 504 1190 isocratcm,
518 1124 659 1200 Gorgiam,
671 1147 738 1186 num

119 1205 340 1287 philosophorum
369 1209 514 1285 principes,
543 1213 738 1288 Rytbago‘ram,

119 1295 320 1362 Democritum,
342 1313 407 1352 num
422 1294 577 1368 Platonem,
597 1317 661 1356 num
678 1307 736 1358 Xe·

119 1396 270 1449 onerarem,
291 1401 353 1438 num
370 1379 460 1460 postea
473 1389 620 1452 Zenonem,
636 1384 736 1444 Clean·

118 1467 204 1534 them,
225 1483 271 1524 aut
284 1473 357 1534 eunt,
374 1477 459 1545 quern
474 1480 524 1526 ro's
539 1471 739 1533 etiam'Romae

119 1551 231 1619 vidistis,
242 1553 392 1628 Diogenem
406 1555 535 1622 Stoicum,
546 1558 640 1633 coe'git
648 1559 674 1616 in
684 1557 737 1618 suis

118 1637 212 1696 studiis
227 1636 409 1697 obmutescere
423 1638 561 1702 senestuti
587 1663 621 1700 an
638 1653 692 1704 non
706 1647 739 1704 in

115 1725 245 1783 omnibus
263 1725 297 1782 iis
313 1724 461 1786 siudiorum
479 1729 591 1804 agitatio
605 1729 676 1788 ritae
687 1751 738 1792 ae·

118 1811 209 1890 qualit
223 1810 295 1871 fuit?
320 1833 381 1889 age,
395 1829 430 1872 ,ut
443 1813 492 1874 ista
504 1815 595 1874 divina
606 1815 693 1876 studia
706 1839 738 1878 o·
816 1857 817 1862 κ

120 1900 270 1966 mittamus,
291 1901 393 1976 poffnm
408 1901 545 1959 nominare
559 1921 597 1960 ex
611 1923 677 1980 agro
689 1911 747 1983 Sa·¹

83 2047 86 2051 ,
116 1986 185 2043 bino
199 1986 311 2045 rusticor
327 1991 465 2046 Romanos
479 1988 580 2047 vicinos
595 2006 624 2047 et
638 1989 739 2050 santili-

121 2092 179 2130 ares
199 2091 285 2140 meos,
304 2073 401 2150 quibus
419 2071 582 2143 absentibus,
601 2087 741 2154 nunquam
816 2083 817 2088 ’

120 2158 177 2218 fere
189 2157 246 2218 u'llo
258 2160 285 2217 in
300 2165 366 2234 ag‘ro
378 2161 575 2239 'majoraopera
586 2161 665 2233 fiunt,
685 2185 740 2223 non

119 2244 248 2314 serendis,
270 2259 323 2305 n'on
338 2246 528 2323 percipiendis,
552 2267 606 2309 noo
621 2251 740 2310 conden-
785 2297 788 2305 .
816 2259 817 2268 ’

87 2353 92 2360 ’
117 2335 163 2392 dis
183 2332 324 2394 fructibus.
362 2351 516 2410 quanquam
534 2334 633 2394 inillis
652 2339 741 2397 minue
802 2385 817 2418 .‘

117 2421 172 2478 boc
188 2421 299 2481 mirum.
336 2439 416 2478 nemo
433 2421 504 2478 enirn
519 2419 556 2480 est
575 2435 630 2483 tam
645 2421 739 2492 senen,

114 2509 166 2587 ’ςυί
177 2503 204 2568 se
218 2525 319 2570 annum
331 2527 384 2568 non
396 2522 473 2587 putet
484 2506 670 2587 poffeuirere.
692 2507 743 2570 sed
775 2583 799 2589 ,
815 2583 817 2589 Ι
