1644 2760
293 54 557 169 seimonis.
662 125 740 189 '¹49

117 214 192 292 quod
205 214 287 272 habes
303 217 392 273 adhuc
413 215 520 272 anobis
536 211 739 295 hereditarium·
795 231 799 234 ·

116 321 178 360 cum
199 320 290 360 autern
311 302 504 377 Carthaginem
525 299 668 368 deleveris,
689 301 739 359 tri·

115 391 246 465 umphum
258 390 354 466 egeris,
367 386 516 466 censorque
528 386 623 455 fueris,
638 401 666 444 et
677 388 738 446 obi·

116 476 169 533 eris
188 475 293 553 legatus
317 487 480 554 Aegyptum,
502 476 616 552 Syriam,
638 471 737 546 Afiam,

117 563 269 632 Graeciam,
286 563 408 640 deligere
419 564 518 622 iterum
531 560 622 621 consul
634 560 737 634 absens,

49 651 50 656 ’
116 649 273 728 bellumque
294 651 443 709 maximum
462 649 597 718 conficies,
618 656 745 709 Numan«

114 737 182 795 tiam
193 735 345 798 exscindes.
370 737 416 796 sed
428 739 550 796 cumeris
563 757 642 795 curru
656 740 737 816 Capi-

116 823 213 882 tolium
239 826 371 894 investus,
399 823 518 883 offendes
544 824 737 904 rempublicam

115 913 300 990 perturbatam
310 911 423 971 consiliis
434 913 539 990 nepotis
551 914 614 973 mei.
637 914 682 972 hic
695 932 735 984 tu,

115 999 255 1067 Africam,
277 999 401 1058 ostendas
418 1001 554 1078 oportebit
571 1001 672 1078 patriae
689 1000 732 1060 lu·

115 1105 178 1144 men
194 1087 286 1156 animi,
304 1087 414 1164 ingenii,
433 1086 587 1165 consiliique
604 1088 653 1149 tui.
690 1087 738 1148 sed

114 1175 175 1251 ejus
191 1165 320 1251 temporis
333 1175 475 1252 ancipitem
486 1174 565 1243 rideo
580 1173 652 1252 quast
665 1174 736 1234 sato·

105 1261 175 1318 ¹rum
192 1261 275 1321 viam.
307 1281 369 1319 nam
385 1281 445 1320 cum
461 1277 534 1320 aetas
551 1277 597 1320 tua
608 1261 736 1340 septenos

113 1349 197 1406 octies
210 1345 273 1407 solis
294 1348 429 1408 anfractus
448 1346 602 1425 reditusque
618 1369 734 1408 conver-

113 1435 188 1503 terit,
204 1437 312 1514 duoque
323 1437 352 1494 hi
362 1436 477 1509 numeri,
494 1453 734 1516 quorumuterque

112 1521 218 1599 plenus,
230 1523 298 1582 alter
307 1523 393 1581 altera
401 1524 434 1581 de
444 1521 533 1592 causa,
543 1524 668 1594 habetur,
679 1528 732 1584 cir·

23 1607 33 1628 '
112 1609 186 1666 cuitu
201 1609 316 1688 naturali
330 1608 460 1668 summam
475 1611 524 1667 tibi
538 1609 648 1668 fatalem
666 1633 733 1672 con·

82 1760 83 1763 ¹
113 1695 244 1755 fecerint:
268 1698 336 1757 inte
352 1717 445 1780 unum,
461 1713 543 1776 atque
553 1697 581 1755 in
593 1712 670 1756 tuum
681 1721 731 1760 no-

111 1803 184 1852 men,
196 1782 223 1843 se
235 1802 293 1844 tota
303 1801 443 1844 convertet
452 1787 564 1844 civitate
578 1801 605 1844 te
614 1785 731 1858 senatus,

111 1886 139 1930 te
155 1892 247 1932 omnes
266 1875 340 1943 boni,
360 1864 387 1932 te
402 1870 477 1942 socii,
495 1888 522 1932 te
537 1874 626 1931 Latini
642 1875 746 1954 inrue·-

111 1959 229 2018 buntur:
246 1977 275 2018 tu
287 1962 339 2019 eris
351 1981 432 2044 unqe,
447 1962 474 2018 in
487 1980 542 2038 quo
553 1961 655 2038 nitatur
664 1965 730 2021 ciri·
745 1981 801 2057 >g

110 2045 271 2118 tatissalus;
288 2069 319 2106 ac
328 2041 465 2116 neiitusta,
478 2049 592 2105 dictator
602 2049 729 2127 rempub·

17 2139 20 2146 ’
111 2133 189 2192 licam
208 2133 350 2195 constituas
368 2150 486 2212 oportet,
510 2132 528 2192 si
548 2134 643 2212 impias
664 2158 729 2215 pro·

16 2267 17 2298 ,
110 2222 273 2300 pinquorum
283 2243 377 2282 manus
388 2221 524 2300 effugeris.
548 2222 594 2283 hic
605 2242 666 2281 cum
677 2245 728 2284 ex·

16 2349 17 2384 ,
109 2307 245 2367 clamasset
256 2311 375 2380 Laelius,
391 2307 627 2387 ingemuissentque
638 2329 728 2372 caete·
805 2345 806 2374 ;

16 2459 18 2484 i

108 2396 132 2454 ri
152 2397 355 2458 vehementius:
377 2396 475 2456 leniter
492 2397 612 2457 arridens
627 2401 726 2478 Scipio,

16 2546 18 2572 γ
108 2481 218 2562 quaeso,
234 2484 333 2566 inquit,
349 2506 383 2545 ne
397 2504 440 2574 me
453 2505 468 2544 e
480 2482 573 2548 somno
588 2488 726 2556 excitetis,
804 2505 805 2508 ’

385 2577 411 2631 G
434 2589 451 2654 3
