1644 2760
128 136 188 198 mli
267 139 333 198 Μ
356 139 622 199 ant-tct'r'tn.

126 253 209 316 quant
230 242 356 300 amnltis
373 240 429 319 ipso·
447 244 533 300 virtt'ts
552 239 767 308 contemnitur,-

128 341 157 382 ει
176 327 324 386 venditatio
346 329 479 405 quaedam
502 343 584 404 atque
605 325 761 384 ostentatio

124 407 183 469 elle
203 413 319 472 dieitur:
349 413 428 472 multi
451 415 561 472 divitias
583 411 759 492 (lespiciunt,

131 513 201 574 quot
218 519 302 576 parto
317 517 460 559 contentos
479 499 566 558 tenuis
586 499 696 558 vietus
703 497 761 557 col'·

132 581 376 660 nsque-delcetat:
400 590 516 646 honores
534 603 612 654 vero,
640 603 762 663 quornm

134 672 414 751 cupiditate.quidam
427 674 654 740 inflammantur,
679 687 765 748 quarn

135 757 214 814 multi
224 760 262 816 ita
271 775 457 826 oontemnunt,
469 775 500 816 ut
508 758 575 816 nihil
585 759 712 825 inanius,
723 758 762 813 ni*-

136 843 204 900 nihil
213 844 356 902 levioselle
365 843 526 902 existiment:
536 845 662 920 itemque
672 859 768 901 caetebv

137 943 179 997 ra,
195 945 264 1006 quae
275 930 433 1008 quibusdam
443 929 762 996 admirabiliavidentnt‘,
796 963 797 966 =

139 1016 265 1094 permulti
280 1013 350 1085 sunt,
366 1019 412 1094 qui
428 1036 477 1094 pro
492 1013 577 1073 nihilo
593 1031 708 1090 potent.
730 1017 765 1072 de

124 1103 259 1160 amicitia
277 1124 369 1162 omnes
387 1105 421 1160 ad
439 1123 520 1160 unum
535 1101 611 1158 idem*
623 1099 760 1158 sentiunt:

140 1203 168 1245 et
179 1188 208 1253 ii,
225 1189 271 1264 qui
283 1191 317 1247 ad
330 1187 520 1267 rempublicam
530 1185 556 1246 se
565 1188 760 1244 contuleruntt

141 1288 170 1330 et
187 1274 216 1341 ii,
239 1276 286 1350 qni·
306 1295 394 1332 rerum
413 1276 565 1350 cognitione
583 1273 762 1349 doetrinaqne

132 1357 324 1418 ‘deleeianturr
342 1377 368 1418 et
380 1363 408 1427 ii,
425 1362 471 1438 qni
480 1357 555 1417 snum
565 1359 713 1434 negotium·
719 1378 763 1434 ge·

142 1461 206 1504 tunt
219 1445 295 1504 otioli'
303 1470 310 1504 ι
323 1446 467 1524 ‘postremo
478 1447 507 1513 ii,
522 1443 606 1522 quise
618 1461 697 1502 totos
710 1461 763 1501 tra·

76 1599 81 1605 ,
142 1534 268 1592 didernnt
290 1533 484 1610 voluptatibus,
510 1531 562 1589 sine
581 1531 704 1588 amicitia
724 1531 763 1587 vi·

144 1635 200 1678 tam
215 1617 265 1678 ell'e
280 1620 381 1676 nullam
396 1618 523 1685 sentiunt,
547 1615 664 1674 simodo
678 1617 769 1674 velint·

145 1707 235 1783 aliqua
249 1727 286 1764 ex
300 1722 376 1782 parte
391 1704 538 1763 liberaliter
551 1704 654 1763 vivete.
677 1697 760 1780 serpit

144 1793 214 1849 enim
227 1791 314 1850 nescio
329 1793 469 1870 quomodo
481 1808 529 1870 per
543 1790 662 1846 omniurn
678 1789 761 1874 vitain

145 1879 278 1935 etnicitia:
303 1899 351 1935 nec
363 1877 453 1935 ullam
456 1877 549 1934 aetatis
561 1876 707 1951 degendae·
716 1887 759 1932 ra·-

145 1965 245 2022 tionem
265 1965 365 2041 patitur
382 1963 433 2021 elle
450 1978 589 2040 expertem
607 1959 657 2020 sui.
695 1961 759 2038 quin

145 2054 225 2112 etiam
237 2049 255 2107 fi
267 2051 326 2127 quis
341 2071 373 2108 ea
384 2048 524 2128 asperitate
535 2046 583 2114 est,
598 2046 759 2104 et'imniani'·

145 2153 201 2197 tate
215 2149 339 2204 naturae,'
354 2134 504 2212 congrellus
519 2149 549 2190 ut
563 2131 759 2189 hominum-fn·-

146 2227 203 2296 giat
217 2239 298 2295 atque
314 2223 412 2287 oderit,
431 2219 540 2295 qualem
554 2215 633 2275 fuilse·
644 2219 759 2276 Athenis

147 2307 293 2359 Timonem
315 2303 503 2378 nescioquem
526 2303 692 2376 accepimus:
718 2319 759 2362 ta·

147 2403 208 2438 men
220 2387 243 2438 is
255 2387 310 2458 poti
321 2405 375 2441 non
386 2385 471 2462 possit,
485 2401 580 2442 utnon
592 2387 719 2462 anquirat
731 2407 759 2446 a·-

148 2462 258 2540 liquem,
273 2470 344 2540 apud
355 2481 439 2542 quern
448 2476 554 2528 evomat
569 2470 642 2528 ιιι-ιιι
655 2474 760 2532 acerbe
