1654 2758
119 167 159 226 72
253 149 317 212 DE
340 99 412 212 itt
478 151 602 212 rrrt.

114 247 229 350 exqu'o,
238 252 426 327 quantumbo·
450 245 739 325 fitinamicitinjndi·

63 351 70 365 ·
117 355 176 396 carr
168 335 285 414 potest.
313 339 426 416 Agrige·
440 339 521 404 ι’,ιιιιι
534 339 656 415 quidem.
671 335 740 394 doc·

118 437 179 482 tum
184 425 361 500 quendam
336 445 435 495 ιιιιιιιι
450 425 614 488 carminibus
626 421 741 482 Graecis

117 509 293 578 vaticinatum
301 509 411 570 ferunt:
435 532 505 589 qnae
516 512 648 570 interum
660 524 742 568 nntn·

116 617 151 660 ιι
170 611 286 675 totoque
305 599 409 657 mundo
429 598 591 667 constarent,
616 614 743 674 quaeque

119 698 304 761 moverentur,
333 704 367 744 en
395 687 554 744 contrahere
582 684 741 752 amicitiam,
811 701 812 710 ¹

119 770 240 850 diffipare
258 767 432 834 discordiam.
463 772 615 849 atquehoc
630 770 745 847 quiden
811 767 812 778 ’

39 885 41 889 ·
120 877 216 919 omnes
226 856 359 916 mortales
373 873 402 916 et
411 857 577 935 intelligunt,
595 873 623 916 et
635 877 665 916 re
677 875 744 934 pro-

120 944 197 1024 bqnt.
220 941 326 1044 iterque,
345 943 490 1022 fiquando
505 943 609 1022 aliquid
624 942 746 1003 officium
806 981 811 988 -

32 1083 36 1090 .
120 1013 225 1097 eirstitit
245 1032 323 1090 amici
341 1032 369 1088 in
390 1029 516 1110 periculis
533 1047 581 1090 aut
597 1030 812 1132 adeundisw

121 1135 170 1178 ant
184 1118 422 1192 communicandis,
437 1118 498 1196 quit
513 1115 561 1187 est,
581 1137 629 1216 qur
620 1117 673 1176 id
687 1136 744 1176 nnn
799 1137 812 1206 Ξ

121 1205 248 1266 maximis
264 1202 361 1264 efferat
376 1204 521 1278 laudibus?
547 1224 595 1284 qur
586 1203 745 1264 'clamores
797 1231 812 1276 ,ι

122 1307 183 1352 tota
197 1313 286 1360 caven
292 1311 378 1369 nuper
392 1293 420 1350 in
430 1291 542 1369 hospitis
554 1305 582 1350 et
596 1290 675 1350 amici
689 1289 745 1350 mei
774 1279 812 1386 4

122 1385 167 1442 M.
190 1379 298 1440 Pacuvii
309 1399 384 1438 nova
390 1377 500 1438 fabula
516 1397 589 1446 cum,
600 1378 813 1470 ignorante

122 1460 188 1546 rege
205 1481 266 1526 uter
285 1485 379 1525 eorum
396 1464 460 1540 effer
481 1464 600 1533 Orestes,
626 1447 813 1540 Pylades

123 1552 246 1624 Orestem
255 1549 282 1612 se
292 1551 343 1611 effe
352 1553 464 1622 diceret
478 1567 508 1610 ut
517 1572 567 1630 pro
575 1550 623 1616 illo
633 1570 747 1610 necare
803 1595 813 1610 .

123 1657 186 1711 tur:
212 1639 437 1718 Orestesnutem‚
445 1641 484 1698 ita
495 1653 526 1696 ut
537 1653 605 1708 erat,
622 1635 747 1697 Orestem
811 1639 813 1678 ι

123 1727 151 1788 se
169 1727 219 1788 eise
237 1725 440 1804 perseveraret?
464 1723 562 1785 stantes
580 1723 747 1802 plaudebant

124 1814 195 1874 inre
206 1812 284 1891 fidia:
310 1814 377 1890 quid
388 1813 550 1870 arbitramur
561 1813 588 1868 in
601 1831 665 1870 vera
679 1809 746 1869 fuis·
762 1837 769 1844 ·

124 1899 152 1960 se
166 1899 306 1958 faeturos?
332 1898 412 1958 facile
426 1899 562 1957 indicabat
578 1895 634 1975 ipsa
648 1913 748 1956 natura
809 1929 812 1934 ·

124 1988 180 2052 vim
195 1985 288 2046 suam:
313 2006 376 2046 cum
398 1986 533 2060 homines,
561 1985 636 2062 qnod
655 1983 748 2043 facere

125 2072 172 2155 ipfi
183 2094 237 2134 non
249 2071 362 2152 poffent,
377 2073 406 2130 id
417 2076 488 2130 reeie
496 2070 553 2129 fieri
564 2072 592 2130 in
603 2069 690 2146 altern
698 2072 748 2148 ju·

88 2209 94 2218 .
124 2164 257 2224 dicarent.
291 2163 420 2218 hastenns
431 2158 497 2230 mjhi
511 2157 615 2224 videor,
631 2157 666 2216 de
677 2158 747 2216 ami·

125 2247 191 2304 citin
210 2246 286 2322 quod
303 2243 438 2318 sentirem,
462 2239 573 2318 potuiffe
592 2243 693 2302 dicere.
726 2241 747 2302 fi
812 2305 813 2310 χ

126 2348 182 2401 qua
201 2344 340 2402 praeterea
360 2325 431 2394 sunt,
457 2325 552 2402 (credo
577 2343 667 2384 autem
694 2328 747 2389 eise

127 2409 226 2483 multa)
242 2413 331 2478 abiis,
346 2409 520 2478 (irridebitur,
536 2412 642 2488 quiista
652 2411 747 2490 dispu.

26 2564 90 2578 „-
128 2505 197 2559 tant,
212 2495 374 2580 quneritote.
411 2501 573 2558 Feretrius.
590 2489 639 2558 non
654 2516 748 2564 autem
