1658 2762
96 155 134 212 ¹4
203 137 611 198 D'E‘SENECTUTE.

91 240 228 320 temeritas
250 237 288 300 est
309 239 434 300 videlicet
455 242 577 302 florentis
596 241 710 316 amatim
742 287 745 294 ,
817 227 818 246 ¹

91 327 244 406 prudentia,
273 324 443 388 senescentis.
516 337 555 386 At
583 331 712 390 memoria
731 331 755 398 ¹,

92 415 231 476 minuitur.
261 415 355 482 credo,
376 412 421 472 nisi
435 435 495 473 eam
508 435 649 485 exerceas,
663 433 711 476 aut

91 499 154 562 fisis
165 516 262 558 natura
272 501 386 579 tardior.
409 500 607 560 Themistocles
621 505 710 561 omni·

91 607 138 646 um
153 587 251 646 civium
266 589 375 646 nomina
385 604 558 665 perceperarr
583 609 646 646 num
658 590 709 666 igi-

92 689 137 733 tur
148 671 260 732 censetis
273 693 346 742 eum,
361 693 424 732 eum
437 691 524 733 aetate
536 674 711 752 -proceffiiset,

91 762 139 839 qui
154 757 284 818 Aristides
298 759 371 828 effer,
390 758 578 838 Lyfimachum
592 759 712 822 salutare

91 846 220 906 solitum?
253 847 379 924 equidem
395 867 449 905 uon
467 848 550 905 modo
568 867 616 906 eos
634 850 710 918 novi,

91 935 140 1012 qui
148 932 225 1004 sunt;
237 931 282 992 sed
291 949 484 1012 eorumipatres
493 934 584 1001 etiam,
594 950 621 991 et
630 953 706 996 avos'.

91 1033 142 1079 nec
152 1018 274 1099 sepulcra
285 1019 377 1096 legera
388 1039 497 1087 vereor,
517 1017 605 1097 (quod
619 1021 706 1100 aiunt)

91 1127 125 1166 ne
138 1107 293 1166 memoriam
308 1107 436 1183 perdam:
453 1107 497 1164 hie
510 1107 581 1165 enim
595 1104 655 1185 ipfis
666 1106 707 1166 le·
816 1177 818 1190 *

87 1195 183 1271 ,gendis
198 1193 281 1251 redeo
299 1193 328 1250 in
348 1193 506 1264 memoriam
523 1205 729 1258 mortuorum·

90 1301 141 1339 nec
154 1299 220 1338 vero
233 1299 399 1356 ¹quemquam
416 1277 508 1337 senum
526 1280 616 1338 audivi
637 1280 707 1340 obli·

43 1365 50 1382 '
89 1381 159 1438 rum,
176 1385 231 1444 quo
245 1366 307 1424 loco
321 1363 474 1426 thesaurum
488 1365 624 1426 obruiffet.
647 1386 707 1426 om-

89 1455 144 1522 nia,
156 1473 226 1530 quae
236 1468 342 1519 curant,
352 1453 541 1510 meminerunt:
554 1454 709 1514 vadimonia

89 1538 248 1598 constituta:
273 1538 319 1616 qui
333 1535 391 1605 fibi,
405 1538 506 1616 quibua
520 1536 564 1616 ipsi
578 1539 709 1602 debeant,

90 1623 366 1704 quidjurisconsulri?
389 1623 623 1708 quidpontificer?
640 1628 707 1704 quid

89 1711 288 1789 augures?quid
298 1707 447 1787 philosophi
456 1710 629 1789 senesiquam
636 1713 706 1772 mul·

90 1815 119 1858 ta
131 1799 329 1856 meminerunt?
353 1814 464 1856 manem
472 1799 579 1874 ingenia
589 1797 705 1869 senibus,

90 1886 336 1962 modopermaneat
345 1881 460 1941 studium
469 1901 496 1942 et
505 1884 646 1944 industria:
658 1905 707 1946 nec
805 1949 810 1968 ι

89 1992 123 2032 ea
135 1970 222 2031 solum
235 1971 264 2028 in
278 1969 357 2027 claris
372 1985 400 2028 et
413 1972 553 2029 honoratis
569 1972 644 2040 viria,
661 1971 709 2032 sed

89 2060 117 2116 in
129 2058 185 2116 rita
193 2058 273 2116 etiam
285 2056 389 2130 privata
396 2073 427 2114 et
437 2057 538 2134 quieta.
561 2057 707 2135 Sophocles
799 2058 814 2072 ”

89 2147 126 2203 ad
140 2143 269 2201 summam
282 2138 442 2200 senemutem
457 2143 610 2219 tragoedias
624 2143 705 2204 fecit:

90 2229 165 2308 quod
179 2243 290 2307 propter
304 2225 429 2295 studium,
445 2249 506 2286 cum
521 2249 579 2288 rem
591 2229 708 2290 familia·

92 2335 149 2373 rem
161 2313 296 2390 negligere
307 2314 454 2382 rideretur,
469 2314 557 2385 afilijs
572 2318 599 2374 in
608 2317 708 2394 judicia

92 2421 138 2460 erm
150 2415 261 2458 vocatus
273 2397 326 2456 est:
349 2415 391 2466 ut,
406 2402 635 2476 quemadmodem
648 2400 708 2460 nos·

93 2502 137 2545 rro
157 2505 232 2548 more
251 2481 326 2544 male
342 2504 404 2544 rem.
413 2488 567 2564 gerentibus
587 2489 708 2568 patribus
