1654 2758
221 119 285 176 nn
309 93 627 176 suuncrurn.
692 131 736 194 33*

106 221 252 283 borrellum
261 224 331 284 illud
341 223 447 284 Solonis
456 220 500 291 fit,
515 223 591 301 quod
604 219 739 280 ιιίιιειιίει

105 311 172 370 culo
187 313 317 390 quodam,
341 329 372 370 ut
386 327 448 370 ante
462 311 533 380 dixi,
554 307 689 370 senescere
703 307 737 370 se

106 399 196 457 multu
207 401 234 458 in
245 400 304 457 dieo
316 398 513 458 addiscentem:
537 395 735 475 qua-voluptas

70 500 96 540 ιι
107 503 135 545 te
146 487 227 544 animi
237 486 311 546 nulla
323 490 397 546 certe
406 483 491 564 potest
500 483 549 546 elle
558 484 657 562 major.
674 491 733 544 Vc«
782 521 787 526 ,

85 563 88 570 ¹
106 575 155 632 nio
170 593 242 632 nunc
252 575 288 632 ad
299 573 449 652 uoluptates
461 571 651 656 agricolarum,
665 572 729 649 qui-

105 661 158 718 bus
171 681 222 738 ego
232 661 426 720 incredibiliter
437 660 571 718 delector:
596 679 666 737 quae
677 679 733 720 nec·

105 747 165 806 ulla
173 747 356 826 impediuntur
366 746 509 817 senectute,
525 761 552 806 et
563 746 628 804 mihi
641 747 676 806 td
685 745 728 806 sa·
744 783 746 788 ·

105 835 205 912 pientio
225 836 307 894 vitam
324 836 449 914 proxime
461 835 597 894 -videntuo
614 836 728 900 accede·

106 943 149 984 re.
186 923 286 982 habeut
305 923 375 982 enim
398 923 531 984 rationem
551 941 614 982 cum
633 939 725 992 terra,
791 915 793 922 ¹

105 1029 177 1088 quae
188 1029 325 1088 nunquam
334 1008 438 1069 recusat
446 1009 597 1088 imperium,
613 1029 662 1068 nee
673 1031 725 1068 un·
743 1041 746 1044 ·

105 1115 189 1174 quam
198 1095 250 1156 siue
262 1095 340 1156 usura
349 1099 449 1166 reddit,
461 1097 535 1175 quod
545 1098 664 1175 accepite
677 1094 728 1164 sed
738 1094 746 1144 ἑ

8 1209 9 1212 “
105 1184 174 1243 aliis
184 1186 298 1255 minore,
311 1185 470 1264 plerumque
479 1186 584 1262 majore
594 1204 655 1242 cum
665 1183 726 1244 soe·

102 1291 182 1331 nore.
210 1291 365 1351 quanquam
377 1293 420 1330 me
435 1273 544 1350 quidem
556 1291 610 1330 non
620 1271 725 1332 sruslue
744 1309 748 1316 ,

102 1353 440 1438 modd,sedetiamips1us
452 1376 540 1418 terrae
549 1359 588 1417 ris
601 1379 632 1417 ac
643 1376 725 1422 natu·
739 1388 742 1392 ·

102 1465 134 1502 ra
148 1445 279 1505 delebat.
303 1467 372 1525 quae
384 1467 445 1505 cum
456 1447 558 1546 gremio
570 1445 676 1506 mollito
691 1467 725 1506 ao

100 1530 211 1591 subasto
222 1531 308 1592 semen
324 1533 442 1612 sparsum
456 1535 580 1612 excepit·
573 1578 582 1606 ,
605 1534 725 1633 primum
744 1573 747 1580 ·

101 1619 132 1677 id
146 1638 317 1682 occaecatum
332 1622 458 1688 cohibet,·
481 1631 519 1681 err
534 1641 589 1699 quo
604 1621 724 1694 occatio,

101 1708 233 1784 qunehoc
245 1707 337 1778 efficit,
353 1710 491 1768 nominata
501 1707 555 1768 est:
572 1707 670 1767 deinde
680 1724 724 1778 te-¹

100 1794 235 1872 pesestum
251 1816 350 1873 uapore
364 1815 395 1854 et
406 1795 554 1873 compressu
568 1793 615 1854 suo
629 1795 722 1868 diffin-

100 1882 153 1950 dit,
169 1899 197 1940 et
207 1878 281 1944 elicit
292 1883 492 1942 herbescentem
507 1903 543 1942 ex
555 1903 587 1942 eo
599 1883 722 1943 viridiu-
743 1913 746 1918 ·

100 1984 178 2028 teme
199 1985 275 2048 quae
283 1972 349 2030 nixa
359 1969 432 2030 fibris
445 1969 575 2050 stirpium,
588 1968 680 2030 sensim
691 1993 726 2046 as
738 2000 745 2004 ··

101 2054 232 2157 dolescit;
247 2057 392 2136 culmoque
401 2063 488 2118 ereslu
496 2057 658 2135 geniculato,
674 2079 724 2124 vax

101 2143 171 2219 ginis
187 2145 245 2222 jam
263 2144 336 2222 quasi
354 2145 499 2223 pubescens
516 2144 682 2216 includitur,
696 2165 723 2205 e
763 2221 766 2226 Δ

101 2231 200 2330 quibus
215 2252 276 2290 cum
291 2231 437 2302 emerserit,
452 2233 542 2291 fundit
552 2233 657 2310 frugem
668 2230 722 2312 spic
770 2295 772 2300 ,

101 2319 138 2386 ei,
153 2320 248 2376 ordine
263 2317 399 2389 structam,
414 2336 443 2380 et
456 2336 553 2390 contra
566 2323 655 2379 avium
669 2314 722 2380 mi‘

101 2423 199 2463 norum
221 2404 325 2464 morsus
343 2408 463 2466 munitur
480 2406 553 2469 vallo
571 2406 723 2472 aristarum.

102 2492 243 2574 quidsego.
250 2493 345 2556 vitium
362 2491 447 2578 satus,
466 2487 747 2581 ortuenincremeby
777 2507 811 2710 Ι
