1654 2758
215 165 278 224 nu
303 163 621 222 snunnrurn.
704 183 724 240 9
766 169 768 182 ·

104 279 156 318 nus
167 281 174 318 r
187 257 233 320 sed
241 263 324 332 intus,
333 263 461 341 domique
470 258 654 339 praestantior.
677 262 726 339 qui

104 345 215 406 sermo?
240 369 310 426 quae
324 350 485 428 praecepta?
510 365 616 427 quanta
628 346 726 407 notitia

104 434 274 512 antiquitatis
286 439 296 498 i
321 457 390 515 quae
401 435 586 514 scientiajuris
595 434 722 511 augurii?

103 519 209 581 mulae
218 523 312 593 etiam,
327 540 358 582 ut
371 525 399 581 in
413 523 522 582 homine
537 528 672 590 Romano,
687 520 724 581 li·

103 621 192 667 terat.
215 611 306 669 omnia
322 611 453 670 memorii
468 609 586 678 tenebat,
602 628 656 666 non
670 609 727 668 do·¹

102 693 214 754 mastica
227 693 329 766 solum,
344 695 391 756 sed
404 698 485 766 etiam
499 713 612 754 externa
630 689 721 756 bellat

11 805 19 816 ·
103 782 182 858 cujus
202 778 350 842 sermone
342 802 382 842 tta
399 799 458 842 tum
478 783 573 862 cupide
593 781 719 852 fruebar,
733 819 739 826 --

102 866 200 945 quas
187 889 246 946 jam
260 870 419 938 divinarem,
433 871 472 938 id,
485 871 560 948 quod
570 870 670 940 evenit,
684 869 720 928 il-

101 951 272 1026 lnextintto,
288 955 347 1016 sore
358 958 428 1015 unde
437 954 565 1016 discerem
574 971 718 1018 nemmem
731 993 739 1001 „

64 1051 82 1093 5
101 1039 256 1142 Qntsum'
249 1043 332 1120 igitur
343 1045 475 1104 haeutam
486 1042 572 1104 multa
581 1044 616 1102 de
625 1046 718 1103 Marri·
736 1067 739 1072 ·

100 1128 168 1186 mo?
192 1149 256 1205 quia
264 1129 384 1207 prosette
392 1132 500 1200 videtis,
515 1130 590 1190 nefas
598 1128 649 1190 eise
658 1131 718 1190 dit
732 1153 736 1158 ·

99 1228 144 1281 tu,
159 1211 281 1276 miseram
295 1216 369 1276 fuisse
381 1217 461 1278 talem
473 1216 644 1278 senectutem.
667 1238 718 1278 nec
736 1229 739 1238 ’

99 1315 191 1360 tamen
206 1323 299 1364 omues
317 1303 422 1382 possunt
435 1304 486 1364 esse
503 1305 648 1382 scipiones,
670 1320 719 1364 aut
736 1343 737 1346 =

99 1389 234 1457 Maximi,
249 1406 288 1448 ,ut
310 1381 417 1450 urbium
439 1392 662 1469 expugnationes,
684 1407 717 1451 ut

96 1473 231 1551 pedestres
249 1476 393 1556 natalesve
402 1499 515 1556 pugnas,
533 1494 564 1537 ut
577 1476 717 1538 bellaase

95 1557 180 1636 gesta,
190 1563 378 1647 uttriumphqt
387 1565 573 1626 recordentur.
588 1563 717 1626 estetiam
731 1593 736 1606 »

96 1647 205 1723 quiete,
214 1665 243 1706 et
254 1670 330 1726 pure,
344 1667 373 1712 et
386 1651 522 1729 eleganter
533 1656 606 1710 astae
618 1652 715 1710 aetatis

95 1732 204 1810 placida
217 1755 249 1794 ac
263 1735 329 1796 ituit
344 1736 473 1810 senettus,
488 1738 595 1816 qualem
610 1738 733 1818 accepi-¹

95 1839 156 1879 mus
172 1820 301 1892 Platonis,
317 1826 364 1902 qui
378 1846 432 1884 uno
446 1842 474 1884 et
489 1823 647 1903 octogesimo
665 1846 714 1884 an·

95 1925 132 1966 no
147 1906 263 1968 scribens
278 1927 401 1970 mortuus
416 1911 464 1972 est.
488 1912 596 1991 qualem
611 1909 727 1971 Isocra·-

5 2061 6 2068 ἵ
96 1994 142 2061 tis,
166 1995 212 2072 qni
227 2017 288 2056 eum
306 1997 415 2068 librum,
440 2000 487 2077 qui
502 2001 714 2060 Panathenaicus

52 2102 55 2106 ·
94 2077 258 2150 inscribitur,
281 2101 379 2162 quarto
400 2102 428 2144 et
451 2083 619 2163 nonagefimo
641 2107 713 2145 anno

94 2163 217 2243 scripsisse
231 2170 341 2240 dicitur,
360 2173 483 2250 vixitque
499 2173 713 2252 quinquennium

94 2251 200 2352 pnstea·
231 2259 308 2335 cujus
326 2259 450 2336 magister
469 2261 618 2319 leontinus
639 2266 712 2318 Gor·

5 2337 6 2340 ’
94 2340 162 2416 gina,
177 2358 289 2401 centum
301 2361 328 2404 et
339 2343 438 2423 septem
450 2346 596 2424 complevit
607 2367 710 2406 annos:

11 2419 20 2440 '
93 2445 180 2502 neque
192 2448 315 2510 unquam
329 2433 356 2490 iu
371 2428 419 2491 suo
433 2431 520 2492 studio
535 2449 616 2510 atque
631 2453 713 2511 opere

94 2511 212 2600 cessavit.
237 2517 715 2611 qui,cutuexeoqnaereretur,cut
763 2578 807 2606 Ι-
