1644 2760
274 143 536 208 scrrrours.
644 128 708 226 '¹59

11 221 13 234 Ι
92 251 142 333 grt,
154 264 182 312 et
192 250 360 318 moderarun'
371 263 400 307 et
408 262 499 306 moret
509 247 539 306 id
546 263 655 324 corpur,
668 246 713 318 cui

92 335 256 422 praepofitus
265 335 313 406 est,
323 338 407 415 quim
416 335 488 394 hunc
497 333 628 393 mundum
636 334 713 412 prin·

11 481 12 484 ,
93 447 157 505 nepe
168 425 214 486 ille
224 433 317 484 Dens·
333 439 360 482 et
370 439 401 482 ut
409 423 538 480 muudum
550 440 586 480 ex
595 422 720 501 quadam¹

94 529 172 594 parte
189 511 333 572 mortalem
352 508 408 590 ipse
428 515 504 570 Deus
522 525 658 580 aeternus,
678 507 714 572 fic

69 663 74 676 ¹
94 600 191 701 fragile
212 619 310 679 eorpus
330 599 435 658 animus
456 595 633 676 sempiternus
653 618 714 659 ruo·

94 705 151 750 ret.
189 707 251 749 nam
266 687 343 766 quod
356 683 459 764 semper
473 701 608 754 moretur,
626 703 715 749 aeter·

94 796 160 837 num
168 774 216 835 est:
233 775 309 854 quod
318 790 407 832 autent
418 789 522 832 motum
534 771 613 833 affert
624 774 716 848 alicuI,

94 865 224 943 quodque
234 861 321 940 rpsum
332 876 451 938 aguntur
461 860 587 934 munde,
605 865 717 942 quando

95 951 176 1011 finem
186 952 269 1009 habet
282 965 382 1017 motus,
400 948 506 1008 vivendi
520 945 602 1009 finem
617 952 717 1014 habeat

96 1037 197 1098 necesse
208 1035 257 1098 est.
294 1034 380 1096 solum
394 1036 487 1113 igitur,
503 1038 580 1116 quod
589 1034 643 1100 sese
657 1060 719 1101 mo·

96 1142 154 1196 vet,
176 1125 239 1204 quia
253 1145 391 1203 nunquam
408 1121 540 1182 deseritur
555 1145 572 1184 a
586 1121 625 1195 se,
646 1147 719 1190 nun·

96 1233 180 1293 quarn
194 1233 228 1272 ne
239 1213 341 1272 moveri
356 1211 466 1291 quidem
480 1209 587 1275 definit.
610 1215 677 1295 quin
688 1235 721 1278 e·
791 1214 795 1220 ’

97 1301 165 1361 tiam
179 1300 303 1370 caeteris,
322 1319 392 1379 quae
406 1315 560 1369 morentur,
580 1301 626 1378 hic
645 1303 720 1378 fons,

98 1388 321 1468 hoeprincipiurn
329 1385 367 1447 est
378 1388 662 1467 novendi.,principi0
671 1413 721 1453 au·

98 1493 156 1543 tem
166 1475 240 1536 nulla
250 1475 287 1534 est
298 1476 386 1552 origo.
402 1495 465 1533 nam
473 1495 511 1535 ex
522 1477 654 1556 principio
663 1481 721 1540 ori·

99 1579 184 1625 untur
192 1563 293 1622 omnia:
307 1561 393 1640 ipsum
402 1579 493 1622 autem
500 1562 576 1623 nulla
582 1584 619 1624 ex
628 1585 657 1628 re
666 1567 722 1630 alia

99 1648 172 1712 nasci
183 1647 280 1729 potest:
301 1669 350 1708 nec
358 1651 429 1714 enim
438 1650 466 1708 id
475 1648 538 1710 effet
547 1653 721 1733 principium,

99 1738 178 1818 quod
197 1737 353 1814 gigneretur
372 1735 490 1798 aliunde.
522 1739 598 1816 quod
614 1739 633 1798 fi
650 1763 723 1804 nun·

100 1845 185 1906 quam
199 1825 297 1893 oritur,
312 1844 346 1883 ne
356 1824 456 1884 occidit
467 1825 578 1904 quidem
589 1847 720 1908 unquam.

101 1933 166 1974 narn
179 1913 339 1990 principium
351 1913 511 1981 minuunt,
526 1933 577 1972 nee
590 1915 676 1994 ipsum
687 1923 723 1982 ab

101 1999 158 2061 nlio
173 1996 338 2067 renascetur,
357 2019 407 2058 nec
420 1997 498 2058 ex'se
512 1999 586 2061 aliud
600 2007 721 2072 creabit:

102 2085 122 2148 fi
133 2087 244 2168 quidem
256 2085 358 2146 necesse
369 2083 407 2146 est
418 2107 435 2144 a
445 2087 576 2166 principio
586 2091 651 2151 orin'
662 2114 724 2156 om.

103 2176 160 2237 nia.
177 2175 218 2232 ita
224 2173 267 2243 fit,
278 2190 310 2234 ut
318 2176 410 2234 motus
418 2174 579 2254 principium
587 2197 625 2237 ex
636 2201 670 2242 eo
680 2181 724 2257 fit,

104 2263 181 2342 quod
192 2258 278 2338 ipsum
292 2282 308 2321 a
321 2260 349 2321 se
362 2279 503 2322 moveturt
526 2265 556 2322 id
571 2283 661 2328 autern
675 2291 727 2335 nec

106 2345 179 2409 nasci
191 2347 288 2428 potest,
306 2369 355 2409 nec
367 2350 451 2409 mori:
469 2349 514 2411 vel
525 2353 651 2415 concidat
664 2379 726 2420 om.

105 2455 142 2498 ne
157 2436 272 2506 caelum,
287 2434 427 2516 omnisque
437 2453 543 2512 natura,
561 2455 589 2502 et
603 2444 727 2510 confistat

102 2523 206 2590 neceffe
223 2522 274 2600 est,
298 2543 349 2590 uec
366 2525 422 2592 rim
436 2525 527 2594 ullum
544 2530 725 2611 nanciscatur,
802 2577 811 2591 ι
