1654 2758
104 122 144 200 32
209 109 272 165 DE
297 101 618 172 sturnorum·

100 207 169 277 lum,
185 209 345 270 familiarem
359 215 442 290 patris
458 215 508 283 tui,
524 215 623 292 Scipio.
656 233 738 292 quo*
761 265 766 274 ,

100 297 151 355 ties
163 296 240 357 illum
250 298 300 356 lux
314 305 394 358 noctu
406 301 509 378 aliquid
520 301 675 360 describere
687 303 738 361 inv

100 383 227 461 gressum,
243 388 350 464 quoties
365 408 422 445 nox
437 387 571 466 oppreffit,
587 409 650 448 cum
668 410 735 448 ma·

99 476 136 530 nb
148 471 291 549 coepisset?
309 495 391 551 quam
400 473 550 533 delectabat
559 496 621 534 eum
631 475 734 535 deseca

99 559 189 618 tiones
209 557 276 617 solie·
296 576 324 618 et
344 559 427 621 lunae
447 561 543 620 multo·
558 565 636 622 uobis
662 581 733 623 ante

99 647 277 724 praedicere?
291 648 358 724 quid
366 649 394 706 in
403 647 549 707 levioribus
558 648 666 720 studiis,
680 649 733 710 sed

99 747 192 792 tamen
207 735 315 793 acutis?
340 755 423 812 quam
440 736 574 810 gaudebat
588 736 663 795 bello
677 735 731 796 suo

99 822 202 880 Punico
214 822 347 880 Naevius!
365 842 447 899 quam
458 823 630 882 Truculento
642 823 729 883 Plau·
796 855 800 866 ·

99 913 162 968 tus!
188 929 269 987 quam
285 907 434 967 Pseudolo!
464 910 519 968 ridi
537 911 619 968 etiam
633 909 729 972 senem

99 997 225 1055 Livium:
250 997 373 1073 quicum
388 993 437 1054 sex
455 1015 541 1054 annos
559 1011 620 1056 aote
638 1017 726 1074 quam

98 1069 239 1162 epuratur
251 1081 319 1152 sum,
334 1082 455 1142 fabulam
464 1082 603 1152 docuiffer,
620 1089 727 1143 Cento·

99 1191 134 1231 nc
148 1171 348 1248 OEuditaooque
361 1168 524 1239 consulibus,
544 1169 627 1248 usque
643 1173 679 1230 ad
692 1191 724 1230 a·

98 1257 290 1318 dolescentiam
302 1256 523 1333 meamproceffit
532 1273 631 1317 aetate.
655 1259 724 1334 quid

98 1347 134 1406 de
150 1353 180 1406 P.
194 1345 291 1404 Licinii
304 1342 385 1402 Crassi
397 1360 424 1402 et
435 1343 575 1422 pontificii,
593 1360 621 1404 et
635 1345 736 1425 civilia·

95 1434 167 1514 juris
179 1431 266 1492 studio
275 1431 395 1510 loquar?
405 1467 407 1472 ·
419 1449 467 1489 aut
481 1433 519 1490 de
530 1433 612 1510 hujus
625 1438 655 1492 P:
665 1432 722 1490 sci·
734 1433 737 1442 '

99 1522 197 1599 pionis,
223 1520 270 1597 qui
293 1519 335 1576 his
362 1519 452 1596 paucis
476 1520 571 1577 diebus
597 1518 723 1596 pontifex

99 1610 236 1668 maximus
256 1607 341 1666 fadus
362 1604 422 1664 est?
455 1606 531 1684 atqui
548 1625 595 1664 eos
615 1613 718 1675 omnes}

99 1717 171 1774 quos
192 1693 411 1761 commemoravi,
419 1692 477 1752 'his
496 1691 588 1751 studiis
606 1694 737 1778 flegranf

101 1799 143 1842 tes
161 1783 235 1841 senes
250 1781 379 1840 vidimus.
417 1785 466 1839 M
476 1799 543 1838 vero
557 1785 717 1856 Cethegum,

100 1887 183 1950 quem
196 1873 287 1927 redte‘
301 1868 404 1926 suadae
413 1866 571 1928 medullam
581 1868 652 1925 dixit
666 1873 718 1928 Eu

99 1961 172 2029 nius,
196 1971 299 2033 quanto
314 1952 540 2012 studioexerccri
559 1954 586 2012 in
606 1953 718 2012 dicendo

100 2046 269 2110 videbamus,
284 2041 373 2100 etiam
381 2038 491 2098 senemr
516 2061 587 2117 quae
600 2039 660 2099 sunt
670 2040 716 2116 igis

98 2131 305 2210 turepuiarum;
317 2143 363 2184 aut
373 2127 509 2193 ludorum,
517 2125 716 2186 autseortorum
749 2174 753 2188 .

100 2219 256 2292 vbluptates
274 2233 336 2271 cum
354 2214 397 2268 his
412 2212 596 2287 voluptatibus
612 2233 715 2289 compa·

100 2303 222 2362 randaer
237 2315 319 2374 atque
328 2301 394 2354 haec
404 2297 513 2374 quidem
525 2296 611 2356 studia
622 2299 714 2356 doctri*

101 2407 164 2447 nae.
202 2399 272 2462 quae
290 2384 399 2460 quidem
419 2384 595 2458 prudentibus
611 2400 639 2442 et
652 2385 713 2446 bent

99 2465 228 2534 iistiruts
244 2471 344 2547 paritur
356 2484 418 2528 cum
429 2485 517 2557 aetate
532 2467 667 2532 crescunt:
686 2487 713 2529 ut
