1654 2758
230 129 582 200 nnthct'ris‘.
662 139 715 214 Π

82 243 148 302 nam
163 227 299 319 puteanus.
334 239 368 298 ab
382 238 426 308 iis,
441 237 488 315 qui
503 237 705 317 pecudumritu

81 330 121 388 ad
135 329 302 406 voluptatem
313 326 404 384 omnia
415 323 545 394 referunt,
560 324 640 402 longe
651 321 706 382 dis-

59 467 62 474 i
82 413 231 486 sentimus;
248 433 298 472 nec
309 412 424 470 mirum:
441 405 509 470 nihil
523 412 595 470 enim
607 410 705 481 altum,

81 501 153 561 nihil
177 499 348 577 magnificum
373 519 406 558 ac
430 498 551 558 divinum
576 495 706 576 suspicete

82 587 208 667 possunt,¹
220 588 268 664 qui
282 583 342 644 suas
355 604 451 644 omnes
465 585 643 662 cogitationes
657 586 706 644 ab·
755 593 758 603 '

79 676 208 753 jecerunt
226 674 254 732 iu
272 691 330 731 rem
349 671 405 730 tam
431 671 572 740 humilem,
596 687 707 750 tamque

82 775 278 838 contemptam.
320 753 496 836 quamobrem
519 761 571 818 hos
594 759 705 836 quidem

83 848 120 908 ab
130 849 184 909 hoc
196 845 317 906 sermone
328 865 528 906 removeamus:
552 843 598 923 ipli
613 863 706 906 autem

14 937 15 942 ’
82 933 278 1011 intelligamus,
301 947 398 992 natura
420 933 493 1010 gigni
516 929 620 991 sensum
640 933 705 992 dili·
793 1007 799 1018 ι

12 1023 14 1030 ’
83 1022 177 1100 gandi,
200 1036 229 1078 et
245 1017 447 1080 benevolentiae
461 1019 611 1089 caritatem,
635 1018 706 1079 faui
735 1027 739 1041 ¹

12 1135 14 1144 =
83 1105 446 1183 fignificationeprobitatisc
469 1127 551 1184 quam
566 1106 613 1183 qui
623 1126 706 1184 appe·

77 1191 369 1275 Ativecuntrapplicant«
378 1189 433 1252 sese
444 1207 472 1250 et
487 1194 595 1270 propius
607 1194 705 1252 admo-¹

83 1295 164 1356 nent,
178 1294 251 1338 utet
264 1276 312 1336 usu
321 1280 398 1357 ejus,
420 1299 501 1357 quem
515 1279 705 1358 diligerecoe·
741 1341 742 1344 ,

84 1382 194 1443 petunt,
203 1364 338 1436 fruantur,
350 1380 378 1424 et
387 1366 524 1425 moribus:
540 1365 703 1447 lintquepa·

83 1453 167 1512 resin
181 1473 283 1521 amore,
298 1467 326 1512 et
340 1451 483 1530 aequales:
507 1452 704 1532 propensiores·-

82 1558 138 1616 que
153 1540 188 1598 ad
201 1540 269 1598 bene
283 1539 450 1608 merendum,
466 1559 548 1618 quam
563 1543 598 1600 ad
612 1539 704 1618 repos-

71 1625 211 1690 ¹cendum.
235 1639 317 1702 atque
331 1627 397 1684 haec
408 1626 478 1685 inter
488 1647 535 1686 eos
549 1625 581 1685 fit
592 1627 705 1688 honesta

10 1719 18 1756 t
83 1712 210 1772 certatio.
223 1709 268 1777 ,tic
282 1726 310 1770 et
324 1710 453 1772 utilitates
467 1733 504 1772 ex
518 1714 635 1774 amicitia
645 1735 704 1775 ma·

83 1797 177 1859 xlmae
185 1799 341 1876 capientur:
365 1800 455 1859 eterit
466 1801 525 1878 ejus
537 1817 612 1861 ortus
626 1823 642 1860 a
654 1823 703 1864 na·

83 1899 157 1954 tura,
175 1905 265 1964 quam
276 1885 315 1944 als
327 1885 523 1958 imbecillitate,
542 1904 570 1948 et
583 1890 701 1966 gravior,

83 1987 112 2030 et
126 1973 225 2032 verior.
264 1991 326 2030 uam
340 1969 358 2028 li
374 1971 476 2032 utilitas
491 1975 620 2034 amicitias
637 1996 705 2036 con·

83 2056 241 2135 glutinant,
254 2059 526 2119 eademcommutata
539 2060 702 2124 diffolveret.
770 2130 773 2135 ,
803 2051 810 2061 ’

83 2141 132 2203 sed
142 2145 207 2222 quia
220 2159 317 2203 natura
330 2145 428 2204 mutari
440 2166 492 2205 non
508 2148 605 2225 potest,
620 2149 712 2208 idcir-i

84 2249 118 2289 co
134 2251 212 2290 venae
227 2230 359 2290 amicitiae
372 2229 548 2309 sempiternae
559 2232 631 2295 sunt.
655 2257 705 2294 or-

82 2332 143 2376 tum
152 2318 263 2396 quidem
271 2317 402 2394 amicitiae
412 2319 518 2387 videtis,
531 2319 578 2378 nili
589 2322 710 2400 quidadc

83 2405 150 2462 baec
169 2403 241 2462 forte
264 2402 356 2466 vultis.
393 2410 555 2468 Faustus.
576 2424 606 2467 tu
635 2430 701 2468 vero

83 2485 176 2572 perge,
197 2489 286 2552 Laeli.
315 2510 366 2570 pro
380 2492 433 2552 hoc
447 2494 529 2565 enim,
551 2496 598 2580 qui
613 2487 701 2556 minut
