1654 2758
100 125 141 204 3⁶
210 107 272 188 n'e
298 111 621 216 senecrorn.

98 249 162 289 nam
174 247 203 291 et
213 231 300 292 siudio
309 255 398 293 retum
411 237 568 296 rusticarum
581 241 727 316 protessus

98 315 169 388 sum,
181 317 210 378 et
223 317 342 381 senectus
351 323 388 382 est
403 342 501 382 natura
515 325 674 403 loquacior:
692 348 728 386 ne

20 415 24 442 '-
98 407 136 464 ab
154 408 277 466 omnibus
296 430 356 468 earn
374 410 448 469 vitiis
465 413 559 470 videar
576 414 726 476 vindicare.

98 511 167 570 ergo
178 495 206 552 in
215 497 266 554 hac
277 497 333 559 vita
341 501 394 558 Μ’.
405 499 516 567 Curius,
529 519 589 557 cum
599 501 634 558 de
646 505 724 570 Satn,-
807 491 812 542 ‘7

98 581 211 649 nitibus,
227 583 260 641 de
270 584 385 652 Sabinis,
400 585 435 643 de
445 587 550 662 Pyrrho
559 585 725 665 triumphas-

99 667 140 727 set
164 667 323 747 consumpsit
346 687 500 748 extremum
520 689 626 750 tempus
646 691 725 732 aeta-

99 756 147 814 tis:
181 759 258 834 cujus
279 759 388 835 quidem
410 757 502 817 villam
527 779 578 836 ego
598 777 725 819 contern-

99 841 177 920 psans
194 842 277 920 (abest
292 845 363 903 enim
378 866 432 904 non
444 845 524 922 longe
536 867 551 903 a
563 847 618 926 me)
634 849 724 905 adrni-

99 931 154 988 rari
170 929 233 989 satis
253 951 307 990 non
326 932 427 1010 possum
445 933 488 991 vel
506 934 623 992 hominis
642 933 725 1011 ipsius

98 1017 302 1088 continentiam,
318 1019 362 1078 vel
377 1036 530 1098 temporum
541 1019 722 1097 disciplinam.

38 1105 43 1116 ’
100 1107 251 1174 Curio‚'ad
269 1106 360 1164 focum
380 1105 495 1177 sedenti,
517 1127 644 1184 magnum
661 1109 723 1176 auri

99 1195 206 1271 pondos
221 1195 352 1253 Samnites
364 1215 426 1253 cern
438 1191 594 1263 attulissent,
612 1197 722 1272 repudi·
812 1235 813 1242 κ

100 1282 139 1338 ati
153 1281 234 1338 abeo
249 1279 320 1341 sunt.
351 1303 404 1339 non
417 1283 487 1340 enirn
500 1301 593 1340 aurum
609 1283 722 1351 habere,
796 1281 805 1296 “

99 1354 266 1446 praedirum
279 1366 324 1426 fibi
340 1369 424 1426 videri
436 1369 507 1427 dixit
519 1390 527 1438 ;
552 1367 598 1426 sed
611 1369 655 1436 iis,
671 1371 720 1446 qui

99 1456 230 1516 haberent
240 1473 345 1524 aurum,
353 1457 495 1533 imperare.
507 1455 647 1532 poteratne
658 1471 720 1514 tan·

99 1558 144 1600 tus
160 1543 263 1601 ntiirnus
279 1563 333 1601 non
345 1545 492 1620 jucundant
508 1541 612 1601 efficere
627 1542 720 1602 senec·

99 1632 207 1689 tutem?
232 1627 278 1687 sed
293 1631 371 1687 renio
385 1632 420 1688 ad
435 1627 577 1708 agricolas,
597 1651 630 1688 ne
645 1651 660 1687 a
674 1651 727 1706 me,

98 1717 157 1794 ipso
172 1718 306 1777 recedant.
329 1718 358 1774 in
372 1719 442 1794 agris
454 1733 531 1776 erant
542 1734 599 1774 turn
611 1715 720 1776 senato-

98 1825 155 1872 res,
173 1821 202 1862 et
216 1804 296 1862 iidem
312 1803 398 1865 senes.
435 1803 564 1882 squidem
578 1805 669 1862 aranti
681 1810 721 1866 L.

100 1893 216 1971 Qintio
236 1893 397 1949 Cincinnato
415 1893 567 1950 nn‘ntiatom
588 1890 640 1960 est,⁴
657 1913 721 1952 enm

100 1983 259 2050 dictatorem
274 1972 323 2037 esse
339 1979 455 2038 faetumt
481 1980 558 2055 cujus
576 1979 720 2038 disinteria
765 1989 767 1992 '

95 2067 167 2147 jussu
179 2063 301 2141 magister
313 2067 433 2144 eqtsitum
446 2071 479 2124 C.
492 2064 617 2124 Servilius
631 2064 721 2124 Ahala

99 2163 145 2232 Sp.
164 2152 292 2211 Maelium
309 2173 419 2228 regnum
434 2167 612 2230 appetentem,
637 2173 719 2210 oceu-
805 2215 808 2227 v

100 2259 193 2318 patum
208 2240 353 2297 interemit.
389 2261 404 2296 a
419 2239 481 2296 villa
496 2240 522 2295 in
538 2237 658 2296 senatum
673 2260 717 2296 ar·
732 2315 736 2320 .

100 2324 265 2384 cessebantur
274 2339 301 2379 et
313 2325 423 2390 Curiae,
436 2341 464 2381 et
474 2326 572 2382 caeteri
584 2322 668 2392 senes,
681 2347 719 2386 ex

122 2431 165 2485 no,
190 2408 304 2481 quiens
326 2409 498 2492 arcessebant,
523 2411 647 2468 Viatores
667 2433 718 2469 no-

29 2522 55 2594 ι
100 2435 280 2556 initantum.
313 2515 376 2554 num
395 2496 477 2573 igitur
491 2515 584 2577 eorum
598 2496 717 2563 senectus
