<?xml version="1.0" encoding="UTF-8"?>
<!DOCTYPE html PUBLIC "-//W3C//DTD XHTML 1.0 Transitional//EN"
    "http://www.w3.org/TR/xhtml1/DTD/xhtml1-transitional.dtd">
<html xmlns="http://www.w3.org/1999/xhtml" xml:lang="en" lang="en">
 <head>
  <title>
</title>
<meta http-equiv="Content-Type" content="text/html;charset=utf-8" />
  <meta name='ocr-system' content='tesseract 3.04.00' />
  <meta name='ocr-capabilities' content='ocr_page ocr_carea ocr_par ocr_line ocrx_word'/>
</head>
<body>
  <div class='ocr_page' id='page_1' title='image "./mtciceroniscato01cicegoog_0071.png"; bbox 0 0 1654 2758; ppageno 0'>
   <div class='ocr_carea' id='block_1_1' title="bbox 8 137 761 770">
    <p class='ocr_par' dir='ltr' id='par_1_1' title="bbox 8 137 761 770">
     <span class='ocr_line' id='line_1_1' title="bbox 12 137 712 233; baseline -0.007 -23"><span class='ocrx_word' id='word_1_1' title='bbox 12 215 14 218; x_wconf 70' lang='grc'>,</span> <span class='ocrx_word' id='word_1_2' title='bbox 215 137 570 233; x_wconf 53' lang='grc' dir='ltr'><strong>ΜΑΜΙσιτίΛι</strong></span> <span class='ocrx_word' id='word_1_3' title='bbox 663 143 712 220; x_wconf 46' lang='grc' dir='ltr'>Αὅςγ</span> 
     </span>
     <span class='ocr_line' id='line_1_2' title="bbox 8 241 711 328; baseline -0.01 -13"><span class='ocrx_word' id='word_1_4' title='bbox 8 281 9 284; x_wconf 57' lang='grc'>’</span> <span class='ocrx_word' id='word_1_5' title='bbox 88 241 262 325; x_wconf 78' lang='lat' dir='ltr'>exceffiisent,</span> <span class='ocrx_word' id='word_1_6' title='bbox 279 251 408 314; x_wconf 53' lang='lat' dir='ltr'>‘reditum</span> <span class='ocrx_word' id='word_1_7' title='bbox 429 253 457 311; x_wconf 84' lang='lat' dir='ltr'>in</span> <span class='ocrx_word' id='word_1_8' title='bbox 478 249 583 310; x_wconf 83' lang='lat' dir='ltr'>eaelum</span> <span class='ocrx_word' id='word_1_9' title='bbox 606 264 711 328; x_wconf 86' lang='lat' dir='ltr'>patere,</span> 
     </span>
     <span class='ocr_line' id='line_1_3' title="bbox 87 333 710 420; baseline -0.01 -20"><span class='ocrx_word' id='word_1_10' title='bbox 87 341 247 420; x_wconf 85' lang='lat' dir='ltr'>&#39;optimoque</span> <span class='ocrx_word' id='word_1_11' title='bbox 261 357 287 400; x_wconf 89' lang='lat' dir='ltr'>et</span> <span class='ocrx_word' id='word_1_12' title='bbox 299 339 436 419; x_wconf 86' lang='lat' dir='ltr'>julliffimo</span> <span class='ocrx_word' id='word_1_13' title='bbox 450 339 547 416; x_wconf 86' lang='lat' dir='ltr'>cuique</span> <span class='ocrx_word' id='word_1_14' title='bbox 564 333 710 414; x_wconf 84' lang='lat' dir='ltr'>expeditis·</span> 
     </span>
     <span class='ocr_line' id='line_1_4' title="bbox 8 424 761 506; baseline -0.009 -20"><span class='ocrx_word' id='word_1_15' title='bbox 8 479 10 502; x_wconf 44' lang='lat'>3</span> <span class='ocrx_word' id='word_1_16' title='bbox 80 426 194 488; x_wconf 84' lang='lat' dir='ltr'>limum.</span> <span class='ocrx_word' id='word_1_17' title='bbox 233 429 308 506; x_wconf 91' lang='lat' dir='ltr'>quod</span> <span class='ocrx_word' id='word_1_18' title='bbox 329 429 395 486; x_wconf 85' lang='lat' dir='ltr'>item</span> <span class='ocrx_word' id='word_1_19' title='bbox 414 427 530 504; x_wconf 86' lang='lat' dir='ltr'>Scipioni</span> <span class='ocrx_word' id='word_1_20' title='bbox 549 424 710 484; x_wconf 80' lang='lat' dir='ltr'>videbatur:</span> <span class='ocrx_word' id='word_1_21' title='bbox 758 431 761 440; x_wconf 94' lang='grc'><strong>’</strong></span> 
     </span>
     <span class='ocr_line' id='line_1_5' title="bbox 90 509 712 592; baseline -0.003 -21"><span class='ocrx_word' id='word_1_22' title='bbox 90 515 141 592; x_wconf 90' lang='lat' dir='ltr'>qui</span> <span class='ocrx_word' id='word_1_23' title='bbox 159 515 270 591; x_wconf 89' lang='lat' dir='ltr'>quidem</span> <span class='ocrx_word' id='word_1_24' title='bbox 287 511 360 592; x_wconf 88' lang='lat' dir='ltr'>quali</span> <span class='ocrx_word' id='word_1_25' title='bbox 378 509 550 591; x_wconf 84' lang='lat' dir='ltr'>praesagiret,</span> <span class='ocrx_word' id='word_1_26' title='bbox 571 509 712 588; x_wconf 76' lang='lat' dir='ltr'>perpaucis</span> 
     </span>
     <span class='ocr_line' id='line_1_6' title="bbox 91 597 714 671; baseline -0.008 -12"><span class='ocrx_word' id='word_1_27' title='bbox 91 615 157 659; x_wconf 82' lang='lat' dir='ltr'>ante</span> <span class='ocrx_word' id='word_1_28' title='bbox 173 615 290 662; x_wconf 87' lang='lat' dir='ltr'>mortem</span> <span class='ocrx_word' id='word_1_29' title='bbox 306 601 413 671; x_wconf 82' lang='lat' dir='ltr'>diebus,</span> <span class='ocrx_word' id='word_1_30' title='bbox 436 618 497 656; x_wconf 88' lang='lat' dir='ltr'>cum</span> <span class='ocrx_word' id='word_1_31' title='bbox 515 612 553 656; x_wconf 76' lang='lat' dir='ltr'>ec·</span> <span class='ocrx_word' id='word_1_32' title='bbox 560 597 663 666; x_wconf 80' lang='lat' dir='ltr'>Philus,</span> <span class='ocrx_word' id='word_1_33' title='bbox 685 611 714 656; x_wconf 88' lang='lat' dir='ltr'>et</span> 
     </span>
     <span class='ocr_line' id='line_1_7' title="bbox 93 685 712 770; baseline -0.01 -23"><span class='ocrx_word' id='word_1_34' title='bbox 93 687 225 747; x_wconf 79' lang='lat' dir='ltr'>Manilius</span> <span class='ocrx_word' id='word_1_35' title='bbox 235 686 362 756; x_wconf 73' lang='lat' dir='ltr'>adessem,</span> <span class='ocrx_word' id='word_1_36' title='bbox 377 701 405 744; x_wconf 89' lang='lat' dir='ltr'>et</span> <span class='ocrx_word' id='word_1_37' title='bbox 416 686 461 744; x_wconf 88' lang='lat' dir='ltr'>alii</span> <span class='ocrx_word' id='word_1_38' title='bbox 471 685 571 762; x_wconf 88' lang='lat' dir='ltr'>plures,</span> <span class='ocrx_word' id='word_1_39' title='bbox 587 700 671 770; x_wconf 81' lang='lat' dir='ltr'>tuque</span> <span class='ocrx_word' id='word_1_40' title='bbox 682 703 712 742; x_wconf 80' lang='lat' dir='ltr'>e·</span> 
     </span>
    </p>
   </div>
   <div class='ocr_carea' id='block_1_2' title="bbox 8 769 806 2590">
    <p class='ocr_par' dir='ltr' id='par_1_2' title="bbox 8 769 806 2590">
     <span class='ocr_line' id='line_1_8' title="bbox 93 769 716 842; baseline -0.003 -10"><span class='ocrx_word' id='word_1_41' title='bbox 93 774 172 842; x_wconf 70' lang='lat' dir='ltr'>tiam3</span> <span class='ocrx_word' id='word_1_42' title='bbox 196 773 333 842; x_wconf 79' lang='lat' dir='ltr'>Scaevola,</span> <span class='ocrx_word' id='word_1_43' title='bbox 357 793 463 832; x_wconf 88' lang='lat' dir='ltr'>mecum</span> <span class='ocrx_word' id='word_1_44' title='bbox 483 769 603 841; x_wconf 72' lang='lat' dir='ltr'>verrill&#39;es,¹</span> <span class='ocrx_word' id='word_1_45' title='bbox 628 771 716 830; x_wconf 82' lang='lat' dir='ltr'>tridu-</span> 
     </span>
     <span class='ocr_line' id='line_1_9' title="bbox 93 855 715 938; baseline -0.002 -20"><span class='ocrx_word' id='word_1_46' title='bbox 93 879 141 918; x_wconf 86' lang='lat' dir='ltr'>um</span> <span class='ocrx_word' id='word_1_47' title='bbox 152 859 273 920; x_wconf 78' lang='lat' dir='ltr'>differuit</span> <span class='ocrx_word' id='word_1_48' title='bbox 282 862 317 918; x_wconf 91' lang='lat' dir='ltr'>de</span> <span class='ocrx_word' id='word_1_49' title='bbox 328 860 482 937; x_wconf 88' lang='lat' dir='ltr'>republica:</span> <span class='ocrx_word' id='word_1_50' title='bbox 506 860 584 936; x_wconf 84' lang='lat' dir='ltr'>cujus</span> <span class='ocrx_word' id='word_1_51' title='bbox 596 855 715 938; x_wconf 84' lang='lat' dir='ltr'>disputa·</span> 
     </span>
     <span class='ocr_line' id='line_1_10' title="bbox 94 945 715 1006; baseline 0 -2"><span class='ocrx_word' id='word_1_52' title='bbox 94 947 176 1006; x_wconf 83' lang='lat' dir='ltr'>tionis</span> <span class='ocrx_word' id='word_1_53' title='bbox 194 946 246 1005; x_wconf 88' lang='lat' dir='ltr'>fuit</span> <span class='ocrx_word' id='word_1_54' title='bbox 261 962 415 1006; x_wconf 87' lang='lat' dir='ltr'>extremum</span> <span class='ocrx_word' id='word_1_55' title='bbox 430 945 487 1004; x_wconf 82' lang='lat' dir='ltr'>fere</span> <span class='ocrx_word' id='word_1_56' title='bbox 499 947 535 1002; x_wconf 87' lang='lat' dir='ltr'>de</span> <span class='ocrx_word' id='word_1_57' title='bbox 552 945 715 1004; x_wconf 86' lang='lat' dir='ltr'>immortali·</span> 
     </span>
     <span class='ocr_line' id='line_1_11' title="bbox 94 1030 716 1112; baseline -0.003 -20"><span class='ocrx_word' id='word_1_58' title='bbox 94 1048 153 1092; x_wconf 84' lang='lat' dir='ltr'>tate</span> <span class='ocrx_word' id='word_1_59' title='bbox 163 1035 330 1092; x_wconf 86' lang='lat' dir='ltr'>animorum:</span> <span class='ocrx_word' id='word_1_60' title='bbox 354 1055 423 1112; x_wconf 87' lang='lat' dir='ltr'>quae</span> <span class='ocrx_word' id='word_1_61' title='bbox 438 1030 466 1090; x_wconf 88' lang='lat' dir='ltr'>le</span> <span class='ocrx_word' id='word_1_62' title='bbox 475 1033 502 1091; x_wconf 91' lang='lat' dir='ltr'>in</span> <span class='ocrx_word' id='word_1_63' title='bbox 515 1031 604 1109; x_wconf 87' lang='lat' dir='ltr'>quiete</span> <span class='ocrx_word' id='word_1_64' title='bbox 616 1051 664 1109; x_wconf 86' lang='lat' dir='ltr'>per</span> <span class='ocrx_word' id='word_1_65' title='bbox 675 1032 716 1091; x_wconf 85' lang='lat' dir='ltr'>vi·</span> 
     </span>
     <span class='ocr_line' id='line_1_12' title="bbox 95 1115 718 1186; baseline 0.002 -9"><span class='ocrx_word' id='word_1_66' title='bbox 95 1115 155 1178; x_wconf 84' lang='lat' dir='ltr'>sum</span> <span class='ocrx_word' id='word_1_67' title='bbox 165 1139 203 1178; x_wconf 82' lang='lat' dir='ltr'>ex</span> <span class='ocrx_word' id='word_1_68' title='bbox 217 1119 346 1178; x_wconf 85' lang='lat' dir='ltr'>Africano</span> <span class='ocrx_word' id='word_1_69' title='bbox 358 1117 457 1178; x_wconf 82' lang='lat' dir='ltr'>audiffc</span> <span class='ocrx_word' id='word_1_70' title='bbox 468 1119 586 1178; x_wconf 84' lang='lat' dir='ltr'>dicebat.</span> <span class='ocrx_word' id='word_1_71' title='bbox 604 1119 637 1186; x_wconf 22' lang='lat' dir='ltr'>*id</span> <span class='ocrx_word' id='word_1_72' title='bbox 649 1117 667 1176; x_wconf 91' lang='lat' dir='ltr'>li</span> <span class='ocrx_word' id='word_1_73' title='bbox 678 1119 718 1178; x_wconf 87' lang='lat' dir='ltr'>ita</span> 
     </span>
     <span class='ocr_line' id='line_1_13' title="bbox 96 1203 718 1285; baseline 0 -20"><span class='ocrx_word' id='word_1_74' title='bbox 96 1203 146 1274; x_wconf 85' lang='lat' dir='ltr'>est,</span> <span class='ocrx_word' id='word_1_75' title='bbox 164 1221 195 1264; x_wconf 89' lang='lat' dir='ltr'>ut</span> <span class='ocrx_word' id='word_1_76' title='bbox 209 1207 310 1285; x_wconf 86' lang='lat' dir='ltr'>optime</span> <span class='ocrx_word' id='word_1_77' title='bbox 324 1205 453 1285; x_wconf 85' lang='lat' dir='ltr'>cujusque</span> <span class='ocrx_word' id='word_1_78' title='bbox 467 1205 571 1264; x_wconf 82' lang='lat' dir='ltr'>animus</span> <span class='ocrx_word' id='word_1_79' title='bbox 585 1206 612 1264; x_wconf 91' lang='lat' dir='ltr'>in</span> <span class='ocrx_word' id='word_1_80' title='bbox 628 1221 718 1265; x_wconf 88' lang='lat' dir='ltr'>mor-te</span> 
     </span>
     <span class='ocr_line' id='line_1_14' title="bbox 96 1289 717 1371; baseline 0.008 -21"><span class='ocrx_word' id='word_1_81' title='bbox 96 1291 226 1350; x_wconf 80' lang='lat' dir='ltr'>facillime</span> <span class='ocrx_word' id='word_1_82' title='bbox 237 1293 337 1363; x_wconf 77' lang='lat' dir='ltr'>evolet,</span> <span class='ocrx_word' id='word_1_83' title='bbox 355 1309 486 1371; x_wconf 84' lang='lat' dir='ltr'>tanquam</span> <span class='ocrx_word' id='word_1_84' title='bbox 500 1312 515 1350; x_wconf 84' lang='lat' dir='ltr'>c</span> <span class='ocrx_word' id='word_1_85' title='bbox 527 1289 646 1352; x_wconf 80' lang='lat' dir='ltr'>custodia</span> <span class='ocrx_word' id='word_1_86' title='bbox 657 1293 717 1355; x_wconf 79' lang='lat' dir='ltr'>viu·</span> 
     </span>
     <span class='ocr_line' id='line_1_15' title="bbox 96 1374 717 1458; baseline 0.005 -21"><span class='ocrx_word' id='word_1_87' title='bbox 96 1378 218 1457; x_wconf 85' lang='lat' dir='ltr'>culilque</span> <span class='ocrx_word' id='word_1_88' title='bbox 238 1381 375 1458; x_wconf 78' lang='lat' dir='ltr'>corporis:</span> <span class='ocrx_word' id='word_1_89' title='bbox 400 1381 443 1438; x_wconf 90' lang='lat' dir='ltr'>cui</span> <span class='ocrx_word' id='word_1_90' title='bbox 458 1377 594 1438; x_wconf 85' lang='lat' dir='ltr'>censemus</span> <span class='ocrx_word' id='word_1_91' title='bbox 609 1374 717 1440; x_wconf 78' lang='lat' dir='ltr'>cursum</span> 
     </span>
     <span class='ocr_line' id='line_1_16' title="bbox 94 1465 718 1545; baseline 0.003 -21"><span class='ocrx_word' id='word_1_92' title='bbox 94 1466 133 1524; x_wconf 82' lang='lat' dir='ltr'>ad</span> <span class='ocrx_word' id='word_1_93' title='bbox 152 1465 218 1526; x_wconf 88' lang='lat' dir='ltr'>deos</span> <span class='ocrx_word' id='word_1_94' title='bbox 235 1466 384 1525; x_wconf 83' lang='lat' dir='ltr'>faciliorem</span> <span class='ocrx_word' id='word_1_95' title='bbox 401 1465 487 1535; x_wconf 68' lang='lat' dir='ltr'>suile,</span> <span class='ocrx_word' id='word_1_96' title='bbox 514 1486 595 1544; x_wconf 86' lang='lat' dir='ltr'>quam</span> <span class='ocrx_word' id='word_1_97' title='bbox 616 1467 718 1545; x_wconf 85' lang='lat' dir='ltr'>Scipio·</span> 
     </span>
     <span class='ocr_line' id='line_1_17' title="bbox 8 1552 716 1630; baseline 0.003 -20"><span class='ocrx_word' id='word_1_98' title='bbox 8 1585 9 1590; x_wconf 20' lang='grc' dir='ltr'><strong>κ</strong></span> <span class='ocrx_word' id='word_1_99' title='bbox 95 1552 146 1611; x_wconf 80' lang='lat' dir='ltr'>ni?</span> <span class='ocrx_word' id='word_1_100' title='bbox 171 1554 300 1630; x_wconf 78' lang='lat' dir='ltr'>quocirca</span> <span class='ocrx_word' id='word_1_101' title='bbox 317 1573 439 1626; x_wconf 83' lang='lat' dir='ltr'>moerere</span> <span class='ocrx_word' id='word_1_102' title='bbox 457 1555 510 1612; x_wconf 84' lang='lat' dir='ltr'>hoc</span> <span class='ocrx_word' id='word_1_103' title='bbox 528 1554 587 1630; x_wconf 83' lang='lat' dir='ltr'>ejus</span> <span class='ocrx_word' id='word_1_104' title='bbox 607 1567 716 1623; x_wconf 85' lang='lat' dir='ltr'>eventu,</span> 
     </span>
     <span class='ocr_line' id='line_1_18' title="bbox 95 1637 715 1718; baseline 0.006 -21"><span class='ocrx_word' id='word_1_105' title='bbox 95 1657 204 1707; x_wconf 79' lang='lat' dir='ltr'>vereor,</span> <span class='ocrx_word' id='word_1_106' title='bbox 225 1659 258 1697; x_wconf 87' lang='lat' dir='ltr'>ne</span> <span class='ocrx_word' id='word_1_107' title='bbox 272 1639 357 1698; x_wconf 75' lang='lat' dir='ltr'>invidi</span> <span class='ocrx_word' id='word_1_108' title='bbox 371 1641 467 1716; x_wconf 85' lang='lat' dir='ltr'>magis,</span> <span class='ocrx_word' id='word_1_109' title='bbox 484 1659 568 1718; x_wconf 77' lang='lat' dir='ltr'>quam</span> <span class='ocrx_word' id='word_1_110' title='bbox 583 1640 660 1698; x_wconf 87' lang='lat' dir='ltr'>amici</span> <span class='ocrx_word' id='word_1_111' title='bbox 674 1637 715 1701; x_wconf 85' lang='lat' dir='ltr'>fit.</span> 
     </span>
     <span class='ocr_line' id='line_1_19' title="bbox 94 1722 715 1799; baseline 0.003 -15"><span class='ocrx_word' id='word_1_112' title='bbox 94 1722 136 1784; x_wconf 81' lang='lat' dir='ltr'>fin</span> <span class='ocrx_word' id='word_1_113' title='bbox 153 1740 243 1784; x_wconf 84' lang='lat' dir='ltr'>autem</span> <span class='ocrx_word' id='word_1_114' title='bbox 257 1723 305 1784; x_wconf 80' lang='lat' dir='ltr'>illa</span> <span class='ocrx_word' id='word_1_115' title='bbox 322 1726 439 1799; x_wconf 82' lang='lat' dir='ltr'>veriora,</span> <span class='ocrx_word' id='word_1_116' title='bbox 459 1742 490 1784; x_wconf 88' lang='lat' dir='ltr'>ut</span> <span class='ocrx_word' id='word_1_117' title='bbox 504 1727 578 1786; x_wconf 85' lang='lat' dir='ltr'>idem</span> <span class='ocrx_word' id='word_1_118' title='bbox 591 1726 715 1786; x_wconf 79' lang='lat' dir='ltr'>interitus</span> 
     </span>
     <span class='ocr_line' id='line_1_20' title="bbox 95 1807 715 1892; baseline 0.005 -19"><span class='ocrx_word' id='word_1_119' title='bbox 95 1807 128 1873; x_wconf 83' lang='lat' dir='ltr'>lit</span> <span class='ocrx_word' id='word_1_120' title='bbox 151 1813 313 1884; x_wconf 81' lang='lat' dir='ltr'>animorum,</span> <span class='ocrx_word' id='word_1_121' title='bbox 339 1827 368 1873; x_wconf 84' lang='lat' dir='ltr'>et</span> <span class='ocrx_word' id='word_1_122' title='bbox 389 1829 621 1892; x_wconf 81' lang='lat' dir='ltr'>corporum,·-nec</span> <span class='ocrx_word' id='word_1_123' title='bbox 643 1811 715 1881; x_wconf 70' lang='lat' dir='ltr'>&#39;ullus</span> 
     </span>
     <span class='ocr_line' id='line_1_21' title="bbox 91 1892 714 1971; baseline 0.003 -13"><span class='ocrx_word' id='word_1_124' title='bbox 91 1892 187 1958; x_wconf 72' lang='lat' dir='ltr'>sensus</span> <span class='ocrx_word' id='word_1_125' title='bbox 201 1899 327 1971; x_wconf 77' lang='lat' dir='ltr'>maneat3</span> <span class='ocrx_word' id='word_1_126' title='bbox 350 1893 460 1959; x_wconf 81' lang='lat' dir='ltr'>ut&#39;nihil</span> <span class='ocrx_word' id='word_1_127' title='bbox 471 1901 535 1960; x_wconf 88' lang='lat' dir='ltr'>boni</span> <span class='ocrx_word' id='word_1_128' title='bbox 549 1899 586 1962; x_wconf 90' lang='lat' dir='ltr'>est</span> <span class='ocrx_word' id='word_1_129' title='bbox 601 1900 628 1959; x_wconf 86' lang='lat' dir='ltr'>in</span> <span class='ocrx_word' id='word_1_130' title='bbox 640 1913 714 1960; x_wconf 78' lang='lat' dir='ltr'>mur·</span> 
     </span>
     <span class='ocr_line' id='line_1_22' title="bbox 26 1981 714 2053; baseline 0.006 -11"><span class='ocrx_word' id='word_1_131' title='bbox 26 1994 28 1998; x_wconf 81' lang='grc'>’</span> <span class='ocrx_word' id='word_1_132' title='bbox 95 1999 135 2053; x_wconf 83' lang='lat' dir='ltr'>te,</span> <span class='ocrx_word' id='word_1_133' title='bbox 152 1982 187 2043; x_wconf 84' lang='lat' dir='ltr'>lie</span> <span class='ocrx_word' id='word_1_134' title='bbox 202 1981 275 2046; x_wconf 81' lang='lat' dir='ltr'>certe·</span> <span class='ocrx_word' id='word_1_135' title='bbox 286 1985 352 2046; x_wconf 86' lang='lat' dir='ltr'>nihil</span> <span class='ocrx_word' id='word_1_136' title='bbox 364 1986 439 2049; x_wconf 88' lang='lat' dir='ltr'>mali.</span> <span class='ocrx_word' id='word_1_137' title='bbox 463 1984 538 2046; x_wconf 84' lang='lat' dir='ltr'>sensu</span> <span class='ocrx_word' id='word_1_138' title='bbox 552 1988 623 2046; x_wconf 84' lang='lat' dir='ltr'>enim</span> <span class='ocrx_word' id='word_1_139' title='bbox 635 1985 714 2046; x_wconf 84' lang='lat' dir='ltr'>amis·</span> 
     </span>
     <span class='ocr_line' id='line_1_23' title="bbox 94 2067 748 2151; baseline 0.008 -22"><span class='ocrx_word' id='word_1_140' title='bbox 94 2068 136 2139; x_wconf 87' lang='lat' dir='ltr'>so,</span> <span class='ocrx_word' id='word_1_141' title='bbox 153 2069 185 2129; x_wconf 85' lang='lat' dir='ltr'>fit</span> <span class='ocrx_word' id='word_1_142' title='bbox 197 2072 280 2141; x_wconf 83' lang='lat' dir='ltr'>idem,</span> <span class='ocrx_word' id='word_1_143' title='bbox 300 2071 373 2151; x_wconf 84' lang='lat' dir='ltr'>quali</span> <span class='ocrx_word' id='word_1_144' title='bbox 387 2089 469 2132; x_wconf 75' lang='lat' dir='ltr'>natus</span> <span class='ocrx_word' id='word_1_145' title='bbox 482 2090 536 2132; x_wconf 85' lang='lat' dir='ltr'>non</span> <span class='ocrx_word' id='word_1_146' title='bbox 550 2067 613 2132; x_wconf 81' lang='lat' dir='ltr'>esset</span> <span class='ocrx_word' id='word_1_147' title='bbox 627 2075 715 2134; x_wconf 84' lang='lat' dir='ltr'>omni·</span> <span class='ocrx_word' id='word_1_148' title='bbox 745 2080 748 2089; x_wconf 87' lang='grc'><em>’</em></span> 
     </span>
     <span class='ocr_line' id='line_1_24' title="bbox 94 2159 715 2238; baseline 0.003 -21"><span class='ocrx_word' id='word_1_149' title='bbox 94 2177 149 2217; x_wconf 84' lang='lat' dir='ltr'>no:</span> <span class='ocrx_word' id='word_1_150' title='bbox 173 2175 254 2235; x_wconf 83' lang='lat' dir='ltr'>quem</span> <span class='ocrx_word' id='word_1_151' title='bbox 269 2175 358 2218; x_wconf 86' lang='lat' dir='ltr'>tamen</span> <span class='ocrx_word' id='word_1_152' title='bbox 371 2159 423 2218; x_wconf 78' lang='lat' dir='ltr'>elle</span> <span class='ocrx_word' id='word_1_153' title='bbox 438 2175 531 2219; x_wconf 88' lang='lat' dir='ltr'>natum</span> <span class='ocrx_word' id='word_1_154' title='bbox 544 2176 573 2218; x_wconf 84' lang='lat' dir='ltr'>et</span> <span class='ocrx_word' id='word_1_155' title='bbox 586 2181 637 2219; x_wconf 88' lang='lat' dir='ltr'>nos</span> <span class='ocrx_word' id='word_1_156' title='bbox 648 2178 715 2238; x_wconf 83' lang='lat' dir='ltr'>gau·</span> 
     </span>
     <span class='ocr_line' id='line_1_25' title="bbox 94 2243 715 2316; baseline 0.011 -14"><span class='ocrx_word' id='word_1_157' title='bbox 94 2243 203 2315; x_wconf 80' lang='lat' dir='ltr'>demus,</span> <span class='ocrx_word' id='word_1_158' title='bbox 222 2260 251 2304; x_wconf 89' lang='lat' dir='ltr'>et</span> <span class='ocrx_word' id='word_1_159' title='bbox 264 2247 332 2304; x_wconf 86' lang='lat' dir='ltr'>haec</span> <span class='ocrx_word' id='word_1_160' title='bbox 345 2246 451 2315; x_wconf 71' lang='lat' dir='ltr'>ciritae,</span> <span class='ocrx_word' id='word_1_161' title='bbox 468 2248 534 2306; x_wconf 89' lang='lat' dir='ltr'>dum</span> <span class='ocrx_word' id='word_1_162' title='bbox 548 2247 610 2316; x_wconf 81' lang='lat' dir='ltr'>erit,</span> <span class='ocrx_word' id='word_1_163' title='bbox 629 2246 715 2311; x_wconf 79' lang='lat' dir='ltr'>laeta·</span> 
     </span>
     <span class='ocr_line' id='line_1_26' title="bbox 93 2329 715 2414; baseline 0.013 -26"><span class='ocrx_word' id='word_1_164' title='bbox 93 2329 179 2390; x_wconf 85' lang='lat' dir='ltr'>bitur.</span> <span class='ocrx_word' id='word_1_165' title='bbox 213 2331 389 2407; x_wconf 86' lang='lat' dir='ltr'>quamobrem</span> <span class='ocrx_word' id='word_1_166' title='bbox 404 2351 466 2392; x_wconf 88' lang='lat' dir='ltr'>cum</span> <span class='ocrx_word' id='word_1_167' title='bbox 480 2332 529 2391; x_wconf 87' lang='lat' dir='ltr'>illo</span> <span class='ocrx_word' id='word_1_168' title='bbox 543 2331 653 2412; x_wconf 85' lang='lat' dir='ltr'>quidein</span> <span class='ocrx_word' id='word_1_169' title='bbox 665 2332 715 2414; x_wconf 71' lang='lat' dir='ltr'>lut</span> 
     </span>
     <span class='ocr_line' id='line_1_27' title="bbox 92 2413 806 2498; baseline 0.008 -23"><span class='ocrx_word' id='word_1_170' title='bbox 92 2413 254 2496; x_wconf 78' lang='lat' dir='ltr'>supradixi)</span> <span class='ocrx_word' id='word_1_171' title='bbox 267 2414 530 2498; x_wconf 63' lang='lat' dir='ltr'>aelumoptimeelh</span> <span class='ocrx_word' id='word_1_172' title='bbox 554 2417 713 2480; x_wconf 78' lang='lat' dir='ltr'>mecum-iru-</span> <span class='ocrx_word' id='word_1_173' title='bbox 797 2414 806 2422; x_wconf 65' lang='grc'><strong>’</strong></span> 
     </span>
     <span class='ocr_line' id='line_1_28' title="bbox 90 2503 712 2590; baseline 0.003 -22"><span class='ocrx_word' id='word_1_174' title='bbox 90 2503 278 2568; x_wconf 61' lang='lat' dir='ltr'>cumeurn</span> <span class='ocrx_word' id='word_1_175' title='bbox 314 2523 396 2586; x_wconf 82' lang='lat' dir='ltr'>quem</span> <span class='ocrx_word' id='word_1_176' title='bbox 406 2505 509 2576; x_wconf 65' lang='lat' dir='ltr'>fuerat</span> <span class='ocrx_word' id='word_1_177' title='bbox 532 2503 666 2590; x_wconf 55' lang='lat' dir='ltr'>aequasi</span> <span class='ocrx_word' id='word_1_178' title='bbox 680 2505 712 2576; x_wconf 79' lang='lat' dir='ltr'>ui</span> 
     </span>
    </p>
   </div>
   <div class='ocr_carea' id='block_1_3' title="bbox 0 0 836 2758">
    <p class='ocr_par' dir='ltr' id='par_1_3' title="bbox 0 0 836 2758">
     <span class='ocr_line' id='line_1_29' title="bbox 0 0 836 2758; baseline 0 0"><span class='ocrx_word' id='word_1_179' title='bbox 0 0 836 2758; x_wconf 95' lang='lat' dir='ltr'> </span> 
     </span>
    </p>
   </div>
  </div>
 </body>
</html>
