1654 2758
525 33 531 43 p
569 17 610 37 A*

126 132 171 220 '52
231 125 659 209 'on'snnncrurn-

128 246 274 323 ‘corporis
293 245 407 306 vinculis
428 246 620 308 relaxaverint.
652 261 748 328 quare,

121 338 138 372 ’θ
154 331 173 390 sr
185 335 251 392 haec
261 333 300 390 ita
311 330 381 403 sunt,
396 332 431 392 stc
440 355 483 394 me
492 334 603 394 colitote
614 353 646 394 ut
655 338 755 399 deum.-

128 426 138 454 ‘
153 419 191 480 sin
205 423 259 480 uni
273 419 310 478 est
324 421 483 480 interiturus
494 422 600 482 animur
611 443 675 482 cum
686 444 749 484 cor·

129 515 230 585 ‘'pore,
260 525 308 566 vor
331 524 422 567 tamen
447 510 513 567 deor
538 525 674 579 verentes,
701 513 754 589 qui·

129 597 224 654 ‘hanc
251 613 358 653 omnem
384 595 611 673 pulchritudinem
635 613 749 657 tuentur

129 690 138 718 ‘
154 697 181 742 et
193 697 299 759 tegunt,
315 683 473 740 memoriam
485 680 567 741 nostri
578 683 621 760 pie
632 683 765 746 inviolav·

129 777 234 847 ‘reque
250 766 411 830 servabitis.’
442 774 531 846 Cyrus
548 769 661 846 quidem
680 773 755 832 naec

126 857 256 918 moriens.
288 875 350 925 noa,
378 853 515 934 siplacet,
543 853 633 917 nostra
655 858 755 920 videa-1

126 965 198 1006 mua.
278 949 365 1002 Nemo
383 961 513 1020 unquam
540 943 630 1012 mihi,-
646 946 785 1022 sopimur

102 1041 104 1048 '
126 1029 306 1110 persuadebit,
333 1045 380 1088 aut
400 1045 504 1107 patrem
524 1046 601 1088 tuum
622 1031 756 1102 Paulum,-

127 1136 174 1178 aut
183 1120 252 1177 duos
263 1137 339 1186 avos,
355 1116 467 1176 Paulum
479 1132 508 1176 et
516 1116 687 1188 Africanum,
700 1135 757 1180 aut·

128 1205 251 1281 Africani
266 1221 380 1282 patrem,
402 1219 447 1268 aut
463 1218 598 1282 patruum,
614 1220 662 1263 aut
676 1204 757 1264 mul·-

128 1310 172 1352 tos
199 1291 360 1371 praestantes
386 1293 468 1360 viros,
495 1311 564 1369 quos
588 1309 756 1352 enumerare·

127 1402 182 1442 non
197 1379 234 1440 est
250 1378 361 1448 necesse,
380 1393 457 1436 tanta
470 1377 521 1436 effe
535 1393 658 1447 conatos,
677 1400 751 1458 quae

128 1470 164 1528 ad
178 1467 339 1547 posteritatis
351 1466 507 1524 memoriam
518 1465 695 1542 pertinerent,
707 1468 751 1526 ni·

128 1555 246 1616 fianimo
256 1571 407 1622 cernerent,
417 1550 598 1630 posteritatem
606 1553 642 1611 ad
650 1551 677 1612 se
687 1575 761 1632 per-1

128 1646 225 1704 tinere.
249 1663 281 1701 an
300 1639 389 1701 censes
407 1638 450 1718 (ut
464 1641 500 1699 de
517 1637 631 1717 meipso
646 1639 752 1718 aliquid

129 1745 207 1792 more
215 1728 306 1788 senum
316 1727 429 1806 glorier)
437 1747 480 1785 me
489 1743 580 1784 tantos
590 1725 697 1786 labores
707 1728 752 1786 di·

127 1831 213 1879 urnos
224 1821 423 1892 nocturnosque
434 1814 508 1872 dorni
517 1812 683 1890 militiaeque
694 1809 754 1890 sus·

131 1921 272 1984 ceptorum
288 1902 373 1970 fuisse,
388 1901 407 1959 sa
421 1899 514 1958 iisdem
525 1898 754 1976 sinibua'gloriam

131 2013 229 2062 meam,
242 1992 339 2070 quibus
350 1990 442 2056 vitam,
452 1987 530 2046 essem
539 1986 751 2047 terminaturus?
792 1979 795 1986 ’

130 2102 219 2142 nonne
229 2077 324 2137 melios
337 2074 424 2134 multo
438 2073 536 2141 fuisset,
552 2070 665 2132 otiosam
676 2090 754 2133 aeta·

130 2153 201 2235 tem}
213 2182 240 2224 et
251 2165 380 2241 quietam,
396 2161 449 2220 fine
460 2160 518 2218 ullo
526 2159 620 2218 labore
628 2176 676 2219 aut
684 2181 753 2230 con·

131 2254 253 2309 tentione
267 2249 429 2307 traducere?
453 2245 499 2305 sed
511 2245 598 2304 nescio
610 2249 755 2324 quomodo

132 2337 238 2394 animus
250 2336 355 2410 erigens
367 2332 405 2401 se5
420 2333 601 2410 posteritatem
613 2329 718 2410 semper
729 2335 755 2392 i·

133 2438 162 2476 ta
175 2418 359 2495 prospiciebat,
373 2417 456 2496 quast,
465 2437 526 2476 cum
535 2417 677 2478 excessuset
686 2441 702 2478 e
711 2420 755 2478 vi·

22 2548 98 2578 Β
130 2521 172 2575 aa,
188 2497 582 2583 tundeniquevteturus'effet.
605 2506 754 2587 quodqui-
