1644 2760
222 101 287 158 DE·
311 99 575 164 nnrlc‘ruun,
670 93 715 168 ⁸5
819 127 820 130 ’

20 239 29 260 1
94 200 201 262 tensas.
234 204 327 282 itaque
342 202 498 283 utquisque
512 203 651 262 minimum
665 198 715 256 fir·

87 289 196 347 mitatis
211 291 319 366 hpbeat,
340 292 533 369 minimumque
547 289 656 356 virium,
675 285 719 342 ita

94 375 226 434 amicitias
236 392 360 454 appetere
371 379 502 439 maxime.
515 397 552 435 ex
562 373 672 445 eofrem
684 385 721 429 ut
742 415 748 422 .

95 461 276 522 mulierculae·
289 464 374 541 magis
393 463 571 523 amicitiarum
588 456 717 540 praesidia
798 517 811 538 ,

96 563 240 626 quaerant,
266 569 352 626 quam
368 550 436 607 riri-s
460 565 487 608 et
505 551 610 626 inopes,
633 564 720 624 quam

96 633 238 712 opulenti:
263 653 291 694 et
302 633 457 704 calamitosi,
470 635 595 713 quanti,
608 634 654 710 qui
666 650 718 709 pu·

98 736 193 779 tantur·
206 722 289 794 beati.
327 717 531 799 &praeclaram
542 718 715 801 sapientiam!
743 789 747 796 .

96 805 181 866 solem
192 808 264 866 enirn
276 801 293 866 e¹
302 809 404 866 mundo
415 807 511 866 tollere
524 808 657 873 videntur,
669 803 722 880 qui

97 895 245 952 amicitiam
259 915 275 953 e
289 897 346 952 vita
359 893 475 952 tollunt:
501 914 555 971 qua
569 914 585 951 a
599 893 656 950 diis·
666 892 718 949 im·

98 981 259 1039 mortalibus
279 980 346 1044 nihil
367 979 463 1038 melius
486 983 627 1046 habemus,
650 976 724 1034 nihil·

95 1067 256 1144 jucundius.
286 1087 356 1144 quae
370 1065 412 1124 est
422 1067 493 1124 enim
507 1065 556 1124 illa
569 1063 695 1124 securitas
701 1064 725 1121 ,³-

99 1149 188 1229 specie
202 1153 323 1232 quidem,
339 1153 448 1222 blanda,
463 1150 510 1210 sed
521 1148 612 1228 reapse
626 1149 725 1208 multia

100 1238 170 1296 locis
182 1240 356 1316 repudianda.
378 1259 466 1316 neque
478 1239 549 1296 enirn
559 1237 595 1296 est
608 1233 720 1296 cousen-

101 1339 223 1392 taneum,
247 1324 482 1386 ullamhouestam
501 1345 557 1382 rem
574 1325 720 1384 aaronem·

101 1429 147 1477 ue,
168 1431 201 1469 ne
221 1409 352 1470 sollicitus
370 1410 413 1481 su,
437 1426 558 1470 autnon
579 1408 722 1492 suscipere,

100 1513 149 1555 aut
164 1494 315 1576 susceptam·
325 1499 469 1576 deponere.
504 1499 579 1575 quod
596 1494 614 1553 fi
629 1515 727 1554 curam·

102 1581 234 1658 fugimus,
245 1585 332 1642 virtus
343 1583 470 1660 fugienda
480 1583 535 1643 eil:
552 1603 621 1661 quae
632 1579 723 1641 neees-
769 1632 774 1636 .

102 1665 131 1726 se
143 1667 192 1736 est,
208 1689 269 1727 cum
281 1669 371 1746 aliqua
382 1691 448 1728 cura
462 1668 561 1729 reslibi
572 1669 725 1729 contrarias

102 1751 277 1830 adspernetur
293 1772 373 1833 atque
384 1756 488 1828 oderit3
506 1773 536 1814 ut
546 1757 653 1816 bonitas
665 1775 725 1814 rua-

102 1839 199 1910 litiam,
223 1845 400 1920 temperantia
418 1842 566 1912 libidinem,
590 1843 728 1921 ignaviam
782 1913 788 1923 ι

103 1924 247 1989 fortitudo.
283 1931 374 2006 itaque
396 1930 487 2002 videas
513 1931 594 1988 rebus
620 1927 728 2006 injustis
742 1955 755 2000 ff·

102 2013 186 2088 pullos
196 2035 314 2074 maxume
323 2013 426 2085 dolere
441 2015 618 2074 imbecillibus
627 2011 747 2084 fortess‘

104 2100 224 2177 flagrtros
227 2121 240 2160 s
264 2101 408 2162 modestos.
431 2119 502 2178 ergo
513 2105 565 2159 hoc
586 2100 729 2178 proprium

105 2186 142 2244 ull
158 2189 239 2244 animi
231 2189 321 2252 bene
333 2187 536 2276 construunt
522 2187 634 2245 laetari
647 2187 729 2246 bonis
760 2184 762 2188 ’
764 2160 796 2256 ¹l.

105 2275 197 2340 rebus,
213 2287 241 2330 et
254 2274 348 2332 dolere
360 2291 515 2332 contr-arus
550 2273 727 2349 quamobrem
780 2250 815 2392 ‘l‘

104 2358 232 2418 scadit
225 2381 253 2418 ιιι
276 2358 422 2438 sapientem
445 2359 536 2418 animi
549 2357 641 2428 dolor,
664 2358 729 2438 (qui
769 2381 815 2624 j

2 2447 225 2680 ffroseslo
237 2448 322 2518 cadit,
339 2443 436 2507 nisiex
451 2447 509 2526 ejus
524 2447 614 2508 auimo
629 2445 728 2508 eruhu-

395 2539 562 2728 <bx-
600 2713 603 2719 .
677 2560 814 2728 u
