1654 2758
211 153 280 208 nn
300 153 620 214 annuerunt.
693 172 731 232 13

110 252 301 323 reservent,ut
310 257 353 314 avi
363 255 671 336 reliquiaspersequaee!
685 279 734 318 cu·

108 346 184 423 josa
191 359 281 402 morte
288 345 332 402 hic
342 346 438 402 tertius
449 361 477 402 et
484 343 676 412 tricesimus-est
686 366 734 404 an·

112 450 187 488 nost
209 427 255 488 sed
271 432 430 489 memoriam
444 430 517 490 illius
533 432 583 490 siri
600 432 736 509 excipient

112 535 209 575 omnes
224 517 286 576 anni
298 515 500 594 consequentes.
532 539 602 576 anno
614 535 676 577 ante
691 539 734 578 me

112 600 250 662 censorem
266 621 391 662 mortuus
408 603 456 672 ell,
466 625 567 671 ,novem
583 607 659 664 annis
676 605 735 682 post
773 601 774 607 '

112 709 205 750 meum
227 687 405 770 consulatum,
427 711 489 750 cum
510 688 602 749 consul
625 693 734 760 iterum,

113 797 161 836 me
174 774 293 844 consule,
311 793 419 835 creatus
434 775 507 836 esset.
531 797 595 835 num
609 778 702 855 igitur,
717 777 737 836 fi

113 865 151 923 ad
170 861 342 920 centesimum
359 883 461 922 annuns
476 864 590 932 vixisset,
614 862 735 924 senectus

114 950 150 1008 tis
159 969 220 1006 eum
232 946 294 1008 suae
307 951 475 1026 poeniteret?
500 952 628 1020 neceninn
636 972 735 1010 excuc-

115 1033 198 1103 lione,
222 1055 271 1094 nec
292 1035 372 1103 saltu,
390 1057 440 1095 nec
454 1039 557 1096 eminus
577 1035 671 1106 hallis,
689 1055 736 1098 aut

74 1112 79 1118 ⁸
116 1122 237 1180 eominus
247 1123 344 1198 gladiis
354 1138 491 1182 uteretur:
505 1122 549 1182 led
560 1122 680 1196 consilio,
692 1147 735 1186 ra·

116 1209 200 1277 tione,
215 1206 355 1269 sententia.
387 1229 457 1287 quae
471 1208 517 1268 nili
531 1211 612 1270 essent
622 1212 649 1270 in
666 1211 736 1270 seni·

116 1295 178 1364 bus,
194 1293 390 1354 nonsummum
405 1295 542 1356 consilium
555 1298 670 1375 majores
685 1320 736 1358 no·

115 1381 164 1440 stri
186 1379 357 1459 appellassent
375 1389 533 1444 ,Senatum.·
555 1385 627 1463 apud
651 1391 736 1446 Lace·
821 1375 822 1390 ¹

94 1459 101 1524 .’
116 1469 272 1526 daemonius
292 1470 401 1546 quidem
426 1469 456 1537 ii,
482 1471 530 1547 qui
552 1469 737 1548 amplissimum
822 1477 823 1524 ἒ

116 1552 300 1629 magistratum
308 1572 416 1631 gerunt,
428 1572 459 1613 ut
468 1555 539 1625 sunt,
551 1555 585 1616 fic
593 1558 674 1616 etiam
686 1580 736 1618 no·

117 1641 253 1698 minantur
264 1639 349 1702 senes.
372 1643 446 1720 quod
458 1640 592 1718 lilegere,·
601 1660 647 1700 aut
659 1645 736 1702 audi·
822 1651 823 1672 ³

117 1747 148 1786 re
161 1726 261 1785 uoletis
277 1745 402 1796 externa,
422 1730 555 1787 maximas
572 1727 736 1806 respublicas

32 1811 35 1816 ’
117 1813 152 1872 ab
163 1811 374 1874 adolescentibus
386 1814 540 1884 labesadlas‚
552 1836 568 1873 a
579 1813 682 1876 senibus
692 1817 736 1876 su·-
822 1815 823 1822 ’

118 1900 246 1967 stentatas
258 1917 286 1958 et
296 1901 431 1960 restitutas
441 1903 590 1978 reperietis.

140 1983 227 2054 cedd,
244 1991 291 2063 qul
303 1987 416 2046 vestram
429 1989 619 2065 rempublicam
635 2005 737 2050 tantam

118 2123 120 2128 .
182 2071 300 2132 anissstis
310 2089 364 2132 tam
374 2074 450 2132 cito?
511 2113 518 2120 -

117 2159 151 2220 fic
160 2160 230 2218 enim
243 2153 422 2238 percontanti,
438 2177 468 2219 ut
479 2159 552 2218 eslin
565 2160 657 2220 Naevii
670 2164 736 2238 pod-

117 2266 162 2307 tae
173 2246 251 2314 ludo,
267 2245 460 2324 respondentur
474 2264 502 2304 et
513 2247 576 2316 alia,
591 2263 619 2305 et
630 2248 697 2308 haec
708 2250 737 2310 in

117 2353 229 2413 primns:

140 2419 336 2480 Proveniebant
356 2435 478 2481 oratores
501 2421 577 2491 uoti,
601 2419 691 2491 stulti,¹
705 2444 735 2482 a·
822 2419 823 2476 i

183 2502 372 2566 dolescentuli.
