1654 2758
99 131 164 209 'at
256 143 608 212 nn'nnrrcrrrs.

115 270 260 330 nunquam
274 275 325 330 ego
340 255 438 322 dicam,
458 263 492 318 C.
509 258 672 326 Fabricium,
691 255 748 320 Μ’.

122 340 246 408 Curium,
268 346 308 399 T.
323 345 534 412 Coruncanium,
556 365 625 423 quos
640 342 749 423 sapien·
808 403 810 410 ,

120 439 164 484 tet
177 424 258 484 nostri
273 428 389 502 majores
398 429 566 504 judicabant,
583 432 618 488 ad
632 429 749 489 istorum

118 531 248 574 normam
262 512 336 571 fuisse
351 511 492 591 sapientes.
530 523 619 594 quare·
631 516 678 575 fibi
695 520 747 576 ha·

122 597 206 658 beant
220 596 362 677 sapientiae
373 621 470 660 nomen
483 619 510 661 et
525 601 699 672 invidiosum,
719 619 749 662 et

121 684 284 746 obscurum:
301 689 515 768 concedantque,
529 705 560 747 ut
574 692 602 748 hi
617 691 682 749 boni
694 691 748 748 viri
814 691 815 708 ¹

124 772 237 835 fiterint.
258 775 332 832 ne-id
340 775 450 851 quidem
462 777 571 836 facient.
595 779 747 854 negabunt,

124 861 164 928 id,
184 858 231 922 niti
245 859 365 938 sapienti,
384 862 455 938 posse
473 864 595 923 concedi.
633 884 748 940 agamus

121 948 207 1023 igitur
222 947 313 1025 pingui
328 949 462 1018 Minerva,
479 966 510 1008 ut
524 951 609 1012 aiunt.
647 951 695 1028 qui
709 951 749 1008 ita

66 1064 68 1068 ·
123 1040 273 1111 segerunt,
288 1035 327 1092 ita
342 1036 445 1103 vivunt,
461 1053 599 1095 uteorum
614 1039 748 1112 probetur

123 1119 203 1189 fides,
224 1121 375 1196 integritas,
397 1123 554 1200 aequalitas,
576 1122 745 1196 liberalitas;

122 1224 176 1267 nec
187 1205 217 1264 fit
230 1208 256 1264 in
266 1206 320 1265 illis
331 1207 387 1265 ulla
396 1210 538 1285 cupiditas,
551 1207 648 1278 libido,
662 1211 748 1268 auda·
781 1206 786 1210 ’

35 1323 37 1327 ·
124 1293 169 1354 eia'
177 1315 186 1367 3
210 1291 314 1372 sintque
325 1313 423 1372 magna
437 1295 595 1366 constantia,
606 1311 641 1354 ut
653 1297 671 1354 ii
687 1297 747 1356 fue·

123 1395 201 1451 eunt,
225 1377 307 1438 modo
329 1399 399 1458 quos
421 1384 574 1442 nominavi:
602 1385 653 1441 hos
673 1385 747 1442 viros

123 1469 225 1537 bonos,
242 1482 272 1526 ut
283 1469 368 1525 habiti
383 1466 454 1539 sunt,
470 1467 504 1526 fic
514 1470 594 1528 etiam
611 1469 748 1546 appellan-

126 1556 178 1615 dos
193 1570 334 1634 putemus;
359 1556 423 1632 quia
441 1546 586 1633 sequa'ntur
604 1555 749 1634 (quantum

128 1643 251 1701 homines
267 1639 384 1720 possunt)
401 1657 536 1711 naturam,
556 1644 686 1722 optimam
700 1645 748 1702 be·

128 1728 289 1788 ne.vitendi
308 1728 416 1787 ducem.
454 1726 489 1786 stc
508 1731 580 1787 enim
601 1730 667 1788 mihi
686 1749 749 1808 per·

126 1812 230 1893 spioere
244 1813 351 1881 videor,
371 1815 409 1872 ita
423 1815 568 1898 asteneth
582 1837 642 1884 nos,
660 1831 692 1874 ut
706 1816 748 1874 in·
788 1847 794 1852 ·

126 1915 276 1961 terninano
287 1899 475 1960 etieusocietas
485 1904 636 1980 quaedam:
662 1905 749 1980 major

128 2005 231 2057 sutem,
247 2002 292 2045 ott
315 1985 428 2065 quisque
451 1991 576 2066 proxime
599 1990 747 2051 accederetz

109 2076 223 2156 itaque
242 2075 324 2144 cives,
345 2075 475 2152 potiores,
499 2095 581 2154 quam
599 2075 747 2154 peregrini3

131 2181 160 2224 et
171 2161 326 2243 propinqui,
341 2179 424 2238 quarn
439 2162 529 2223 alieni.
551 2182 614 2220 cum
626 2164 667 2220 his
679 2164 748 2220 enim

130 2251 278 2309 amicitiam
287 2263 384 2305 natura
392 2246 448 2324 ipsa
459 2248 579 2325 peperit:
604 2247 750 2308 sedeanon

132 2332 197 2392 satit
210 2334 293 2392 habet
306 2333 453 2410 firmitatis.
477 2350 593 2412 namque
607 2338 660 2393 hoc
674 2353 750 2412 prae·

133 2415 186 2476 stat
200 2419 321 2478 amicitia
333 2419 540 2496 propinquitati,
555 2416 630 2497 quod
643 2439 679 2480 ex
690 2439 752 2500 pro·

27 2513 85 2602 :-
131 2502 664 2599 pinquitatebenesolentiatolfipotest,
679 2525 752 2570 ext·

263 2669 310 2720 ir
369 2627 470 2719 aff!
491 2611 496 2626 ’
545 2616 637 2718 ,us
