1644 2760
126 129 202 192 444
303 119 595 180 PARADOXA.

134 218 235 286 nitum5
248 235 281 276 an
293 216 446 295 responsum
460 226 512 279 Μ’.
527 222 624 280 Curii?
648 221 757 282 heredi·

135 319 220 366 tatem
235 311 269 364 L.
287 305 372 374 Pauli,
395 327 428 364 an
442 307 630 366 liberalitatem
651 308 756 368 Africa·

134 393 173 460 ni,
188 393 236 468 qui
247 395 305 470 ejus
317 394 475 452 hereditatis
487 398 663 473 QMaximo
675 396 754 454 fratri

91 477 92 480 ¹
133 495 237 556 partem
258 477 331 536 suant
355 479 497 540 couceffit?
530 489 597 540 haec
615 481 753 560 -profedo,

133 579 203 642 quae
213 563 444 626 suntsummarutu
455 569 594 636 uirtutum,
609 571 695 645 plutis
709 591 754 628 ae·

131 651 263 712 stimauda
277 651 348 722 sunt,
371 675 452 732 quam
469 655 526 722 illa,
545 653 690 732 quaesunt
706 677 754 733 pe·

132 741 236 799 cuniae.
273 741 333 816 quis
344 741 431 818 'igitur
448 741 482 816 [fi
498 744 617 818 quidem,
634 760 665 800 ut
681 741 760 818 quid.

130 847 194 906 que,
210 828 284 905 quod
300 827 406 903 plurimi
421 826 462 895 fit,
478 828 613 906 poffideat,
629 831 666 886 ita
683 831 757 892 diui·¹

130 912 240 972 tiffimut
258 915 397 972 habendus
420 913 468 990 stt]
494 917 609 984 dubitet,
634 917 699 992 quin
725 918 754 976 iu

129 1002 231 1061 virtute
243 998 352 1059 divitiae
364 999 433 1060 fint?
459 1003 587 1082 quoniam
603 1001 677 1060 uuila
690 1001 752 1080 pos-

131 1087 214 1158 sedtm
233 1087 315 1146 nulla
335 1089 375 1146 vis
396 1090 452 1148 auri
475 1108 503 1148 et
528 1092 632 1166 argenti
653 1089 751 1167 pluris,

128 1195 211 1254 quam
223 1177 321 1242 virtus,
337 1175 497 1234 aestimanda
511 1176 559 1236 est.
603 1183 630 1232 Ο
643 1178 683 1234 dii
698 1177 752 1234 im·⁴
768 1189 780 1232 3

129 1261 269 1322 mortales!
288 1283 341 1320 non
351 1263 502 1340 intelligunt
515 1263 649 1329 homines,
665 1284 750 1340 quant

128 1369 255 1426 magnum
278 1349 390 1425 vedignl
411 1348 441 1406 dt
462 1350 641 1426 parfimonia..
669 1351 750 1408 venio

128 1438 199 1496 enim
208 1439 269 1513 jam
281 1437 315 1494 ad
327 1435 509 1514 sumptuosos:
533 1436 657 1513 relinquo
670 1436 749 1502 istum

128 1521 324 1603 quaestuosum.
362 1525 432 1601 capit
447 1523 493 1582 ille
507 1545 543 1582 ex
561 1522 614 1581 suis
630 1525 749 1599 praediis

126 1609 254 1672 sexcenta
265 1607 399 1668 sestertia:
424 1631 474 1686 ego
486 1628 598 1668 centena
608 1605 651 1667 ett'
657 1612 726 1668 meis
737 1631 746 1668 r

127 1697 167 1765 illi
179 1701 350 1756 auratatetta
362 1697 388 1754 in
398 1697 480 1763 villis',
493 1713 521 1755 et
529 1696 584 1756 suia
594 1717 750 1756 marmorea

82 1845 86 1858 Ι
126 1783 247 1851 facienti,
262 1798 291 1842 et
305 1781 387 1859 dgna,
407 1783 523 1851 tabulas,
542 1783 746 1860 supellectilem,

126 1888 155 1930 ct
169 1869 266 1935 nedem
279 1870 381 1928 infinite
395 1865 601 1947 concupiscenti,
618 1891 672 1928 non
686 1892 747 1928 mo·

125 1960 162 2038 do
175 1958 207 2016 ad
221 1956 334 2044 fructum
347 1956 392 2014 ille
404 1955 441 2016 est
455 1956 587 2034 sumptus,
603 1955 648 2014 sed
662 1959 748 2017 etiam

107 2063 108 2066 ’
124 2045 281 2108 ad'focnus.
301 2046 426 2118 exiguus.
449 2066 486 2102 ex
500 2065 561 2102 meo
572 2045 649 2102 >tenui
662 2045 748 2118 vecti-

124 2133 189 2208 gali,
205 2131 332 2190 detrudis
347 2129 675 2228 sumptibusvpiditatis,
687 2131 747 2188 ¹ali·

127 2218 193 2291 quid
202 2217 282 2274 etiam
293 2215 472 2276 redundabit:
487 2227 548 2276 ut'er
559 2217 688 2294 igiturest
701 2219 745 2276 di·

123 2302 215 2365 ιίῑίςπ,Ι
228 2303 270 2359 cui
282 2301 363 2368 deest,
376 2324 408 2360 an
421 2305 463 2361 cui
472 2302 592 2381 superat?
609 2305 656 2382 qui
669 2321 744 2381 eget,

123 2384 159 2452 un
174 2386 226 2458 qui·
238 2387 377 2445 abundat?
402 2392 479 2465 cujus
494 2390 609 2468 poffeffio
630 2390 745 2468 quo.est

42 2474 75 2512 Ι
124 2469 222 2542 major,
233 2489 266 2528 co
276 2471 336 2546 plue
347 2475 460 2554 requirit
468 2477 504 2536 ad
512 2475 676 2554 setueuduut
687 2500 695 2538 r
709 2499 744 2539 au
