<?xml version="1.0" encoding="UTF-8"?>
<!DOCTYPE html PUBLIC "-//W3C//DTD XHTML 1.0 Transitional//EN"
    "http://www.w3.org/TR/xhtml1/DTD/xhtml1-transitional.dtd">
<html xmlns="http://www.w3.org/1999/xhtml" xml:lang="en" lang="en">
 <head>
  <title>
</title>
<meta http-equiv="Content-Type" content="text/html;charset=utf-8" />
  <meta name='ocr-system' content='tesseract 3.04.00' />
  <meta name='ocr-capabilities' content='ocr_page ocr_carea ocr_par ocr_line ocrx_word'/>
</head>
<body>
  <div class='ocr_page' id='page_1' title='image "./mtciceroniscato01cicegoog_0163.png"; bbox 0 0 1644 2760; ppageno 0'>
   <div class='ocr_carea' id='block_1_1' title="bbox 79 139 701 327">
    <p class='ocr_par' dir='ltr' id='par_1_1' title="bbox 79 139 701 327">
     <span class='ocr_line' id='line_1_1' title="bbox 263 139 696 210; baseline -0.021 -9"><span class='ocrx_word' id='word_1_1' title='bbox 263 139 525 201; x_wconf 81' lang='lat' dir='ltr'><strong>SCIPIONIS.</strong></span> <span class='ocrx_word' id='word_1_2' title='bbox 637 149 696 210; x_wconf 80' lang='lat'>157</span> 
     </span>
     <span class='ocr_line' id='line_1_2' title="bbox 79 235 701 327; baseline -0.014 -20"><span class='ocrx_word' id='word_1_3' title='bbox 79 247 129 327; x_wconf 82' lang='lat' dir='ltr'>qui</span> <span class='ocrx_word' id='word_1_4' title='bbox 145 245 235 325; x_wconf 85' lang='lat' dir='ltr'>postea</span> <span class='ocrx_word' id='word_1_5' title='bbox 249 243 401 312; x_wconf 84' lang='lat' dir='ltr'>nascentur,</span> <span class='ocrx_word' id='word_1_6' title='bbox 423 240 573 300; x_wconf 84' lang='lat' dir='ltr'>sermonem</span> <span class='ocrx_word' id='word_1_7' title='bbox 591 235 651 296; x_wconf 81' lang='lat' dir='ltr'>fo&#39;re</span> <span class='ocrx_word' id='word_1_8' title='bbox 666 237 701 298; x_wconf 83' lang='lat' dir='ltr'>de</span> 
     </span>
    </p>
   </div>
   <div class='ocr_carea' id='block_1_2' title="bbox 19 326 776 2604">
    <p class='ocr_par' dir='ltr' id='par_1_2' title="bbox 19 326 776 2604">
     <span class='ocr_line' id='line_1_3' title="bbox 81 326 702 406; baseline -0.016 -12"><span class='ocrx_word' id='word_1_9' title='bbox 81 354 198 404; x_wconf 88' lang='lat' dir='ltr'>te,.cum</span> <span class='ocrx_word' id='word_1_10' title='bbox 215 335 248 392; x_wconf 86' lang='lat' dir='ltr'>ab</span> <span class='ocrx_word' id='word_1_11' title='bbox 266 334 297 392; x_wconf 87' lang='lat' dir='ltr'>iis</span> <span class='ocrx_word' id='word_1_12' title='bbox 310 330 398 390; x_wconf 85' lang='lat' dir='ltr'>nulius</span> <span class='ocrx_word' id='word_1_13' title='bbox 409 329 500 396; x_wconf 89' lang='lat' dir='ltr'>suerit,</span> <span class='ocrx_word' id='word_1_14' title='bbox 513 327 559 406; x_wconf 90' lang='lat' dir='ltr'>qui</span> <span class='ocrx_word' id='word_1_15' title='bbox 574 340 636 384; x_wconf 82' lang='lat' dir='ltr'>aute</span> <span class='ocrx_word' id='word_1_16' title='bbox 645 326 702 384; x_wconf 81' lang='lat' dir='ltr'>nati</span> 
     </span>
     <span class='ocr_line' id='line_1_4' title="bbox 81 413 703 499; baseline -0.013 -19"><span class='ocrx_word' id='word_1_17' title='bbox 81 421 143 490; x_wconf 76' lang='lat' dir='ltr'>siut,</span> <span class='ocrx_word' id='word_1_18' title='bbox 159 423 205 499; x_wconf 92' lang='lat' dir='ltr'>qui</span> <span class='ocrx_word' id='word_1_19' title='bbox 221 441 271 479; x_wconf 89' lang='lat' dir='ltr'>nec</span> <span class='ocrx_word' id='word_1_20' title='bbox 285 420 436 497; x_wconf 81' lang='lat' dir='ltr'>pauciores,</span> <span class='ocrx_word' id='word_1_21' title='bbox 448 432 476 477; x_wconf 89' lang='lat' dir='ltr'>et</span> <span class='ocrx_word' id='word_1_22' title='bbox 490 431 563 476; x_wconf 88' lang='lat' dir='ltr'>certe</span> <span class='ocrx_word' id='word_1_23' title='bbox 578 413 703 472; x_wconf 77' lang='lat' dir='ltr'>meliores</span> 
     </span>
     <span class='ocr_line' id='line_1_5' title="bbox 82 503 703 582; baseline -0.01 -14"><span class='ocrx_word' id='word_1_24' title='bbox 82 509 195 568; x_wconf 82' lang='lat' dir='ltr'>fuerunt</span> <span class='ocrx_word' id='word_1_25' title='bbox 215 509 290 566; x_wconf 77' lang='lat' dir='ltr'>viri?</span> <span class='ocrx_word' id='word_1_26' title='bbox 325 526 386 564; x_wconf 91' lang='lat' dir='ltr'>cum</span> <span class='ocrx_word' id='word_1_27' title='bbox 401 503 556 582; x_wconf 80' lang='lat' dir='ltr'>praesertim</span> <span class='ocrx_word' id='word_1_28' title='bbox 571 504 643 580; x_wconf 88' lang='lat' dir='ltr'>apud</span> <span class='ocrx_word' id='word_1_29' title='bbox 656 523 703 562; x_wconf 77' lang='lat' dir='ltr'>eos</span> 
     </span>
     <span class='ocr_line' id='line_1_6' title="bbox 82 590 704 675; baseline -0.013 -20"><span class='ocrx_word' id='word_1_30' title='bbox 82 593 166 675; x_wconf 84' lang='lat' dir='ltr'>ipsos,</span> <span class='ocrx_word' id='word_1_31' title='bbox 179 617 194 654; x_wconf 83' lang='lat' dir='ltr'>a</span> <span class='ocrx_word' id='word_1_32' title='bbox 206 596 304 674; x_wconf 85' lang='lat' dir='ltr'>quibus</span> <span class='ocrx_word' id='word_1_33' title='bbox 315 593 403 652; x_wconf 85' lang='lat' dir='ltr'>audiri</span> <span class='ocrx_word' id='word_1_34' title='bbox 415 611 512 650; x_wconf 88' lang='lat' dir='ltr'>nornen</span> <span class='ocrx_word' id='word_1_35' title='bbox 525 590 644 651; x_wconf 90' lang='lat' dir='ltr'>nostrum</span> <span class='ocrx_word' id='word_1_36' title='bbox 653 612 704 670; x_wconf 86' lang='lat' dir='ltr'>po·</span> 
     </span>
     <span class='ocr_line' id='line_1_7' title="bbox 83 677 706 751; baseline -0.005 -9"><span class='ocrx_word' id='word_1_37' title='bbox 83 681 145 751; x_wconf 80' lang='lat' dir='ltr'>rest,</span> <span class='ocrx_word' id='word_1_38' title='bbox 166 703 245 740; x_wconf 90' lang='lat' dir='ltr'>nemo</span> <span class='ocrx_word' id='word_1_39' title='bbox 265 682 343 739; x_wconf 75' lang='lat' dir='ltr'>unius</span> <span class='ocrx_word' id='word_1_40' title='bbox 364 681 425 738; x_wconf 83' lang='lat' dir='ltr'>anui</span> <span class='ocrx_word' id='word_1_41' title='bbox 440 677 597 737; x_wconf 80' lang='lat' dir='ltr'>memoriam</span> <span class='ocrx_word' id='word_1_42' title='bbox 611 677 706 740; x_wconf 85' lang='lat' dir='ltr'>conse·</span> 
     </span>
     <span class='ocr_line' id='line_1_8' title="bbox 36 765 705 849; baseline -0.003 -21"><span class='ocrx_word' id='word_1_43' title='bbox 36 807 39 813; x_wconf 91' lang='lat'>-</span> <span class='ocrx_word' id='word_1_44' title='bbox 83 771 131 849; x_wconf 92' lang='lat' dir='ltr'>qui</span> <span class='ocrx_word' id='word_1_45' title='bbox 146 769 236 846; x_wconf 83' lang='lat' dir='ltr'>poffrt:</span> <span class='ocrx_word' id='word_1_46' title='bbox 254 769 375 828; x_wconf 86' lang='lat' dir='ltr'>homines</span> <span class='ocrx_word' id='word_1_47' title='bbox 391 767 462 824; x_wconf 89' lang='lat' dir='ltr'>enim</span> <span class='ocrx_word' id='word_1_48' title='bbox 476 765 641 845; x_wconf 82' lang='lat' dir='ltr'>populariter</span> <span class='ocrx_word' id='word_1_49' title='bbox 655 789 705 828; x_wconf 81' lang='lat' dir='ltr'>an·</span> 
     </span>
     <span class='ocr_line' id='line_1_9' title="bbox 84 850 706 922; baseline -0.003 -5"><span class='ocrx_word' id='word_1_50' title='bbox 84 879 149 917; x_wconf 91' lang='lat' dir='ltr'>num</span> <span class='ocrx_word' id='word_1_51' title='bbox 165 857 353 916; x_wconf 88' lang='lat' dir='ltr'>tantummodo</span> <span class='ocrx_word' id='word_1_52' title='bbox 368 852 441 922; x_wconf 81' lang='lat' dir='ltr'>solis,</span> <span class='ocrx_word' id='word_1_53' title='bbox 456 850 547 921; x_wconf 89' lang='lat' dir='ltr'>idest,</span> <span class='ocrx_word' id='word_1_54' title='bbox 571 856 648 914; x_wconf 87' lang='lat' dir='ltr'>unius</span> <span class='ocrx_word' id='word_1_55' title='bbox 663 854 706 916; x_wconf 80' lang='lat' dir='ltr'>as·</span> 
     </span>
     <span class='ocr_line' id='line_1_10' title="bbox 84 944 705 1016; baseline 0 -12"><span class='ocrx_word' id='word_1_56' title='bbox 84 947 122 1004; x_wconf 86' lang='lat' dir='ltr'>tri</span> <span class='ocrx_word' id='word_1_57' title='bbox 131 946 219 1002; x_wconf 86' lang='lat' dir='ltr'>reditu</span> <span class='ocrx_word' id='word_1_58' title='bbox 232 944 395 1002; x_wconf 84' lang='lat' dir='ltr'>metiuntur:</span> <span class='ocrx_word' id='word_1_59' title='bbox 407 961 468 1000; x_wconf 87' lang='lat' dir='ltr'>cum</span> <span class='ocrx_word' id='word_1_60' title='bbox 478 957 567 1000; x_wconf 87' lang='lat' dir='ltr'>autem</span> <span class='ocrx_word' id='word_1_61' title='bbox 577 944 611 1002; x_wconf 74' lang='lat' dir='ltr'>ed</span> <span class='ocrx_word' id='word_1_62' title='bbox 620 945 705 1016; x_wconf 90' lang='lat' dir='ltr'>idem,</span> 
     </span>
     <span class='ocr_line' id='line_1_11' title="bbox 84 1025 707 1108; baseline 0.003 -18"><span class='ocrx_word' id='word_1_63' title='bbox 84 1033 158 1092; x_wconf 90' lang='lat' dir='ltr'>unde</span> <span class='ocrx_word' id='word_1_64' title='bbox 169 1029 249 1090; x_wconf 87' lang='lat' dir='ltr'>semel</span> <span class='ocrx_word' id='word_1_65' title='bbox 264 1029 382 1108; x_wconf 60' lang='lat' dir='ltr'>profecta</span> <span class='ocrx_word' id='word_1_66' title='bbox 393 1025 464 1097; x_wconf 91' lang='lat' dir='ltr'>sunt,</span> <span class='ocrx_word' id='word_1_67' title='bbox 474 1033 568 1088; x_wconf 70' lang='lat' dir='ltr'>cunda</span> <span class='ocrx_word' id='word_1_68' title='bbox 579 1029 648 1090; x_wconf 85' lang='lat' dir='ltr'>astra</span> <span class='ocrx_word' id='word_1_69' title='bbox 663 1053 707 1092; x_wconf 89' lang='lat' dir='ltr'>re·</span> 
     </span>
     <span class='ocr_line' id='line_1_12' title="bbox 86 1116 707 1198; baseline 0 -20"><span class='ocrx_word' id='word_1_70' title='bbox 86 1120 196 1188; x_wconf 86' lang='lat' dir='ltr'>dierint,</span> <span class='ocrx_word' id='word_1_71' title='bbox 211 1117 377 1194; x_wconf 85' lang='lat' dir='ltr'>eandemque</span> <span class='ocrx_word' id='word_1_72' title='bbox 390 1117 473 1174; x_wconf 86' lang='lat' dir='ltr'>totius</span> <span class='ocrx_word' id='word_1_73' title='bbox 489 1116 555 1176; x_wconf 84' lang='lat' dir='ltr'>caeli</span> <span class='ocrx_word' id='word_1_74' title='bbox 566 1116 707 1198; x_wconf 84' lang='lat' dir='ltr'>descripti·</span> 
     </span>
     <span class='ocr_line' id='line_1_13' title="bbox 87 1202 709 1282; baseline 0 -16"><span class='ocrx_word' id='word_1_75' title='bbox 87 1227 169 1266; x_wconf 87' lang='lat' dir='ltr'>onem</span> <span class='ocrx_word' id='word_1_76' title='bbox 189 1205 278 1282; x_wconf 81' lang='lat' dir='ltr'>longis</span> <span class='ocrx_word' id='word_1_77' title='bbox 300 1202 447 1264; x_wconf 80' lang='lat' dir='ltr'>intervallis</span> <span class='ocrx_word' id='word_1_78' title='bbox 474 1203 625 1275; x_wconf 85' lang='lat' dir='ltr'>retulerint,</span> <span class='ocrx_word' id='word_1_79' title='bbox 649 1223 709 1270; x_wconf 87' lang='lat' dir='ltr'>tum</span> 
     </span>
     <span class='ocr_line' id='line_1_14' title="bbox 88 1290 706 1371; baseline 0.003 -18"><span class='ocrx_word' id='word_1_80' title='bbox 88 1294 135 1354; x_wconf 87' lang='lat' dir='ltr'>ille</span> <span class='ocrx_word' id='word_1_81' title='bbox 150 1313 213 1352; x_wconf 87' lang='lat' dir='ltr'>vere</span> <span class='ocrx_word' id='word_1_82' title='bbox 231 1307 340 1352; x_wconf 82' lang='lat' dir='ltr'>vertens</span> <span class='ocrx_word' id='word_1_83' title='bbox 358 1311 442 1350; x_wconf 83' lang='lat' dir='ltr'>annus</span> <span class='ocrx_word' id='word_1_84' title='bbox 456 1290 585 1370; x_wconf 82' lang='lat' dir='ltr'>appellari</span> <span class='ocrx_word' id='word_1_85' title='bbox 602 1294 706 1371; x_wconf 83' lang='lat' dir='ltr'>potest:</span> 
     </span>
     <span class='ocr_line' id='line_1_15' title="bbox 88 1379 708 1460; baseline 0 -18"><span class='ocrx_word' id='word_1_86' title='bbox 88 1384 116 1442; x_wconf 89' lang='lat' dir='ltr'>in</span> <span class='ocrx_word' id='word_1_87' title='bbox 129 1402 185 1460; x_wconf 90' lang='lat' dir='ltr'>quo</span> <span class='ocrx_word' id='word_1_88' title='bbox 195 1381 243 1439; x_wconf 85' lang='lat' dir='ltr'>vix</span> <span class='ocrx_word' id='word_1_89' title='bbox 256 1379 347 1439; x_wconf 86' lang='lat' dir='ltr'>dicere</span> <span class='ocrx_word' id='word_1_90' title='bbox 358 1379 456 1448; x_wconf 86' lang='lat' dir='ltr'>audeo,</span> <span class='ocrx_word' id='word_1_91' title='bbox 470 1399 552 1457; x_wconf 86' lang='lat' dir='ltr'>quam</span> <span class='ocrx_word' id='word_1_92' title='bbox 566 1379 653 1441; x_wconf 79' lang='lat' dir='ltr'>multa</span> <span class='ocrx_word' id='word_1_93' title='bbox 666 1381 708 1455; x_wconf 80' lang='lat' dir='ltr'>se·</span> 
     </span>
     <span class='ocr_line' id='line_1_16' title="bbox 88 1469 710 1546; baseline -0.005 -16"><span class='ocrx_word' id='word_1_94' title='bbox 88 1469 150 1530; x_wconf 86' lang='lat' dir='ltr'>cula</span> <span class='ocrx_word' id='word_1_95' title='bbox 160 1469 300 1528; x_wconf 91' lang='lat' dir='ltr'>hominum</span> <span class='ocrx_word' id='word_1_96' title='bbox 314 1482 466 1526; x_wconf 82' lang='lat' dir='ltr'>teneantur.</span> <span class='ocrx_word' id='word_1_97' title='bbox 490 1487 616 1546; x_wconf 83' lang='lat' dir='ltr'>namque,</span> <span class='ocrx_word' id='word_1_98' title='bbox 631 1486 662 1528; x_wconf 93' lang='lat' dir='ltr'>ut</span> <span class='ocrx_word' id='word_1_99' title='bbox 677 1491 710 1530; x_wconf 88' lang='lat' dir='ltr'>o·</span> 
     </span>
     <span class='ocr_line' id='line_1_17' title="bbox 88 1553 712 1640; baseline 0.002 -24"><span class='ocrx_word' id='word_1_100' title='bbox 88 1557 137 1618; x_wconf 90' lang='lat' dir='ltr'>lim</span> <span class='ocrx_word' id='word_1_101' title='bbox 161 1555 277 1640; x_wconf 86' lang='lat' dir='ltr'>deficere</span> <span class='ocrx_word' id='word_1_102' title='bbox 300 1553 339 1613; x_wconf 87' lang='lat' dir='ltr'>sol</span> <span class='ocrx_word' id='word_1_103' title='bbox 359 1554 513 1614; x_wconf 81' lang='lat' dir='ltr'>horninibus</span> <span class='ocrx_word' id='word_1_104' title='bbox 532 1556 712 1637; x_wconf 85' lang='lat' dir='ltr'>extinguique</span> 
     </span>
     <span class='ocr_line' id='line_1_18' title="bbox 90 1639 712 1726; baseline 0.002 -22"><span class='ocrx_word' id='word_1_105' title='bbox 90 1643 160 1706; x_wconf 78' lang='lat' dir='ltr'>visus</span> <span class='ocrx_word' id='word_1_106' title='bbox 179 1641 227 1711; x_wconf 92' lang='lat' dir='ltr'>est,</span> <span class='ocrx_word' id='word_1_107' title='bbox 244 1661 305 1700; x_wconf 87' lang='lat' dir='ltr'>cum</span> <span class='ocrx_word' id='word_1_108' title='bbox 319 1639 428 1700; x_wconf 87' lang='lat' dir='ltr'>Romuli</span> <span class='ocrx_word' id='word_1_109' title='bbox 449 1641 552 1702; x_wconf 80' lang='lat' dir='ltr'>animus</span> <span class='ocrx_word' id='word_1_110' title='bbox 571 1644 639 1704; x_wconf 82' lang='lat' dir='ltr'>haec</span> <span class='ocrx_word' id='word_1_111' title='bbox 655 1645 712 1726; x_wconf 78' lang='lat' dir='ltr'>ipsa</span> 
     </span>
     <span class='ocr_line' id='line_1_19' title="bbox 90 1728 712 1810; baseline 0.005 -18"><span class='ocrx_word' id='word_1_112' title='bbox 90 1733 119 1792; x_wconf 82' lang='lat' dir='ltr'>iu</span> <span class='ocrx_word' id='word_1_113' title='bbox 133 1728 234 1808; x_wconf 83' lang='lat' dir='ltr'>templa</span> <span class='ocrx_word' id='word_1_114' title='bbox 248 1729 413 1807; x_wconf 75' lang='lat' dir='ltr'>penetrarit:</span> <span class='ocrx_word' id='word_1_115' title='bbox 430 1729 469 1788; x_wconf 84' lang='lat' dir='ltr'>ita</span> <span class='ocrx_word' id='word_1_116' title='bbox 483 1730 646 1810; x_wconf 85' lang='lat' dir='ltr'>quandoque</span> <span class='ocrx_word' id='word_1_117' title='bbox 664 1753 712 1794; x_wconf 88' lang='lat' dir='ltr'>ea·</span> 
     </span>
     <span class='ocr_line' id='line_1_20' title="bbox 89 1814 713 1897; baseline 0.003 -17"><span class='ocrx_word' id='word_1_118' title='bbox 89 1821 156 1880; x_wconf 86' lang='lat' dir='ltr'>dem</span> <span class='ocrx_word' id='word_1_119' title='bbox 172 1833 248 1897; x_wconf 77' lang='lat' dir='ltr'>parte</span> <span class='ocrx_word' id='word_1_120' title='bbox 259 1814 310 1886; x_wconf 87' lang='lat' dir='ltr'>sol,</span> <span class='ocrx_word' id='word_1_121' title='bbox 320 1817 472 1895; x_wconf 87' lang='lat' dir='ltr'>eodemque</span> <span class='ocrx_word' id='word_1_122' title='bbox 483 1832 604 1896; x_wconf 84' lang='lat' dir='ltr'>tempore</span> <span class='ocrx_word' id='word_1_123' title='bbox 612 1821 713 1884; x_wconf 85' lang='lat' dir='ltr'>iterum</span> 
     </span>
     <span class='ocr_line' id='line_1_21' title="bbox 93 1901 776 1982; baseline 0.006 -15"><span class='ocrx_word' id='word_1_124' title='bbox 93 1907 235 1981; x_wconf 85' lang='lat' dir='ltr'>defecerit,</span> <span class='ocrx_word' id='word_1_125' title='bbox 260 1921 318 1964; x_wconf 89' lang='lat' dir='ltr'>tum</span> <span class='ocrx_word' id='word_1_126' title='bbox 339 1902 417 1982; x_wconf 74' lang='lat' dir='ltr'>{ignis</span> <span class='ocrx_word' id='word_1_127' title='bbox 435 1905 559 1966; x_wconf 81' lang='lat' dir='ltr'>omuibus</span> <span class='ocrx_word' id='word_1_128' title='bbox 582 1909 618 1967; x_wconf 81' lang='lat' dir='ltr'>ad</span> <span class='ocrx_word' id='word_1_129' title='bbox 639 1911 714 1972; x_wconf 88' lang='lat' dir='ltr'>idem</span> <span class='ocrx_word' id='word_1_130' title='bbox 774 1901 776 1906; x_wconf 42' lang='lat'><strong>¹</strong></span> 
     </span>
     <span class='ocr_line' id='line_1_22' title="bbox 93 1989 715 2075; baseline 0.008 -21"><span class='ocrx_word' id='word_1_131' title='bbox 93 1995 264 2075; x_wconf 86' lang='lat' dir='ltr'>principium,</span> <span class='ocrx_word' id='word_1_132' title='bbox 275 1989 408 2069; x_wconf 84' lang='lat' dir='ltr'>stellisque</span> <span class='ocrx_word' id='word_1_133' title='bbox 417 1993 561 2063; x_wconf 84' lang='lat' dir='ltr'>revocatis,</span> <span class='ocrx_word' id='word_1_134' title='bbox 572 1995 715 2073; x_wconf 84' lang='lat' dir='ltr'>expletum</span> 
     </span>
     <span class='ocr_line' id='line_1_23' title="bbox 93 2080 714 2158; baseline -0.002 -14"><span class='ocrx_word' id='word_1_135' title='bbox 93 2102 193 2144; x_wconf 83' lang='lat' dir='ltr'>annum</span> <span class='ocrx_word' id='word_1_136' title='bbox 207 2080 317 2141; x_wconf 85' lang='lat' dir='ltr'>habeto.</span> <span class='ocrx_word' id='word_1_137' title='bbox 342 2080 425 2157; x_wconf 77' lang='lat' dir='ltr'>hujus</span> <span class='ocrx_word' id='word_1_138' title='bbox 439 2080 549 2158; x_wconf 86' lang='lat' dir='ltr'>quidem</span> <span class='ocrx_word' id='word_1_139' title='bbox 565 2083 628 2141; x_wconf 85' lang='lat' dir='ltr'>anni</span> <span class='ocrx_word' id='word_1_140' title='bbox 642 2104 714 2144; x_wconf 85' lang='lat' dir='ltr'>nou·</span> 
     </span>
     <span class='ocr_line' id='line_1_24' title="bbox 19 2164 715 2246; baseline 0.003 -16"><span class='ocrx_word' id='word_1_141' title='bbox 19 2233 21 2238; x_wconf 65' lang='grc'>,</span> <span class='ocrx_word' id='word_1_142' title='bbox 93 2171 160 2230; x_wconf 89' lang='lat' dir='ltr'>dum</span> <span class='ocrx_word' id='word_1_143' title='bbox 174 2164 323 2228; x_wconf 84' lang='lat' dir='ltr'>vicefimam</span> <span class='ocrx_word' id='word_1_144' title='bbox 337 2183 441 2246; x_wconf 79' lang='lat' dir='ltr'>partem</span> <span class='ocrx_word' id='word_1_145' title='bbox 455 2164 522 2225; x_wconf 87' lang='lat' dir='ltr'>seito</span> <span class='ocrx_word' id='word_1_146' title='bbox 536 2167 586 2228; x_wconf 85' lang='lat' dir='ltr'>effe</span> <span class='ocrx_word' id='word_1_147' title='bbox 601 2189 715 2233; x_wconf 86' lang='lat' dir='ltr'>conver·</span> 
     </span>
     <span class='ocr_line' id='line_1_25' title="bbox 94 2253 714 2334; baseline 0.003 -16"><span class='ocrx_word' id='word_1_148' title='bbox 94 2255 162 2318; x_wconf 81' lang='lat' dir='ltr'>sam.</span> <span class='ocrx_word' id='word_1_149' title='bbox 186 2255 322 2333; x_wconf 78' lang='lat' dir='ltr'>quocirca,</span> <span class='ocrx_word' id='word_1_150' title='bbox 337 2253 482 2316; x_wconf 75' lang='lat' dir='ltr'>sureditum</span> <span class='ocrx_word' id='word_1_151' title='bbox 490 2255 518 2313; x_wconf 92' lang='lat' dir='ltr'>in</span> <span class='ocrx_word' id='word_1_152' title='bbox 528 2257 600 2317; x_wconf 89' lang='lat' dir='ltr'>hunc</span> <span class='ocrx_word' id='word_1_153' title='bbox 610 2257 714 2334; x_wconf 84' lang='lat' dir='ltr'>locum,</span> 
     </span>
     <span class='ocr_line' id='line_1_26' title="bbox 50 2341 717 2426; baseline 0.003 -22"><span class='ocrx_word' id='word_1_154' title='bbox 50 2369 54 2376; x_wconf 91' lang='grc'>·</span> <span class='ocrx_word' id='word_1_155' title='bbox 92 2342 290 2424; x_wconf 77' lang='lat' dir='ltr'>desperaveris,</span> <span class='ocrx_word' id='word_1_156' title='bbox 313 2343 414 2421; x_wconf 89' lang='lat' dir='ltr'>inquo</span> <span class='ocrx_word' id='word_1_157' title='bbox 431 2342 521 2401; x_wconf 82' lang='lat' dir='ltr'>omnia</span> <span class='ocrx_word' id='word_1_158' title='bbox 534 2341 596 2404; x_wconf 89' lang='lat' dir='ltr'>suut</span> <span class='ocrx_word' id='word_1_159' title='bbox 611 2350 717 2426; x_wconf 74' lang='lat' dir='ltr'>magnis</span> 
     </span>
     <span class='ocr_line' id='line_1_27' title="bbox 97 2427 717 2513; baseline 0.008 -20"><span class='ocrx_word' id='word_1_160' title='bbox 97 2449 126 2493; x_wconf 86' lang='lat' dir='ltr'>et</span> <span class='ocrx_word' id='word_1_161' title='bbox 135 2427 337 2513; x_wconf 80' lang='lat' dir='ltr'>praestantibus</span> <span class='ocrx_word' id='word_1_162' title='bbox 353 2430 433 2490; x_wconf 79' lang='lat' dir='ltr'>viris:</span> <span class='ocrx_word' id='word_1_163' title='bbox 451 2431 544 2508; x_wconf 79' lang='lat' dir='ltr'>quanti</span> <span class='ocrx_word' id='word_1_164' title='bbox 558 2434 667 2494; x_wconf 84' lang='lat' dir='ltr'>taudem</span> <span class='ocrx_word' id='word_1_165' title='bbox 678 2436 717 2498; x_wconf 88' lang='lat' dir='ltr'>est</span> 
     </span>
     <span class='ocr_line' id='line_1_28' title="bbox 96 2516 718 2604; baseline 0.01 -20"><span class='ocrx_word' id='word_1_166' title='bbox 96 2519 148 2584; x_wconf 77' lang='lat' dir='ltr'>isto</span> <span class='ocrx_word' id='word_1_167' title='bbox 166 2517 307 2583; x_wconf 84' lang='lat' dir='ltr'>homiuum</span> <span class='ocrx_word' id='word_1_168' title='bbox 321 2516 417 2598; x_wconf 78' lang='lat' dir='ltr'>gloria,</span> <span class='ocrx_word' id='word_1_169' title='bbox 438 2537 507 2600; x_wconf 78' lang='lat' dir='ltr'>quae</span> <span class='ocrx_word' id='word_1_170' title='bbox 520 2521 654 2604; x_wconf 82' lang='lat' dir='ltr'>pertinere</span> <span class='ocrx_word' id='word_1_171' title='bbox 667 2525 718 2590; x_wconf 79' lang='lat' dir='ltr'>vix</span> 
     </span>
    </p>
   </div>
   <div class='ocr_carea' id='block_1_3' title="bbox 0 0 847 2760">
    <p class='ocr_par' dir='ltr' id='par_1_3' title="bbox 0 0 847 2760">
     <span class='ocr_line' id='line_1_29' title="bbox 0 0 847 2760; baseline 0 0"><span class='ocrx_word' id='word_1_172' title='bbox 0 0 847 2760; x_wconf 95' lang='lat' dir='ltr'> </span> 
     </span>
    </p>
   </div>
  </div>
 </body>
</html>
