1644 2760
38 2466 52 2532 l

117 134 177 209 148
301 134 542 190 soruurum

112 249 157 291 tus
166 229 202 291 est
213 231 281 292 dies.
298 232 356 310 post
365 249 456 291 autem
467 236 541 311 regio
549 249 677 312 apparatu
688 255 730 295 ac-

114 321 196 398 cepti,
215 318 363 378 sermonem
378 321 406 378 in
421 321 535 380 multam
549 327 654 381 noctem
670 344 731 400 pro·

112 407 251 475 duximus,
267 427 327 465 cum
343 407 426 466 senex
438 407 505 466 nihil
517 407 563 467 nifi
575 411 610 468 de
625 408 731 468 Africa·

112 515 149 552 no
166 494 334 571 loqueretur,
355 496 500 573 omniaque
519 497 578 573 ejus
593 515 648 554 non
662 496 732 556 faeta

110 579 210 650 solum,
225 579 363 640 sedetiam
378 583 449 640 dicta
463 583 631 644 meminisset.
654 585 730 642 dein·

110 669 163 739 de,‘
172 686 202 728 ut
213 669 333 738 cubitum
348 666 519 740 disceffimus,
534 689 577 728 me
588 687 616 729 et
630 672 665 730 de
677 673 729 741 via,

110 773 138 816 et
153 759 200 835 qui
215 757 249 814 ad
263 756 376 814 multam
391 762 496 816 nollem
512 757 668 834 vigilassem,
685 779 729 817 ar·

110 845 188 913 trior,
211 865 294 922 quam
307 841 421 912 solebat,
439 843 552 903 somnus
570 845 730 923 complexus

109 931 156 992 est.
168 932 213 990 hic
222 932 286 989 mihi
298 929 393 1009 (credo
402 932 528 1009 equidem
538 952 574 990 ex
583 935 645 1002 hoc,
654 936 731 1010 quod

108 1039 215 1079 eramus
224 1018 325 1077 locuti:
341 1017 373 1076 fit
384 1021 456 1077 enim
465 1018 533 1088 fere,
545 1034 576 1084 ut
585 1021 730 1096 cogitatio·

109 1127 158 1166 nen
169 1103 357 1184 sermonesque
369 1103 450 1164 nostri
465 1107 571 1184 pariant
585 1107 689 1185 aliquid
701 1109 731 1168 in

27 1275 28 1278 Ἴ
108 1191 202 1256 somno
215 1193 280 1262 tale,
296 1190 377 1272 quale
387 1193 422 1253 de
434 1197 556 1252 Homero
567 1191 659 1252 scribit
672 1201 731 1254 En·

108 1283 179 1351 nius,
194 1283 229 1340 de
244 1299 300 1358 quo
314 1278 439 1341 videlicet
453 1278 595 1358 saepissime
613 1281 732 1359 uigilans

107 1368 211 1430 solebat
230 1369 360 1446 cogitare,
384 1383 412 1426 et
428 1367 519 1447 loqui)
539 1367 685 1430 Africanus
702 1369 733 1432 se

108 1458 224 1519 ostendit
237 1457 270 1515 el
285 1455 385 1524 sormi,
400 1457 547 1535 quaemihi
561 1477 597 1516 ex
611 1457 735 1536 imagine

109 1547 179 1626 ejus,
192 1565 273 1624 quam
286 1564 322 1604 ex
330 1541 397 1621 ipso,
413 1561 473 1620 erat
482 1545 584 1606 notior.
607 1563 689 1622 quem
697 1563 737 1605 ut

110 1634 218 1712 agnovi,
229 1632 353 1710 equidem
364 1631 503 1691 cohorrui.
526 1629 573 1690 sed
581 1629 637 1700 ille,
650 1633 736 1706 ades,

108 1721 208 1800 inquit,
220 1721 319 1789 animo,
334 1734 363 1777 et
373 1720 469 1778 omitte
479 1719 614 1788 timorem,
626 1721 735 1798 Scipio,

110 1825 139 1870 et
150 1829 219 1888 quae
228 1807 326 1876 dicam,
341 1807 419 1865 trade
430 1807 585 1867 memoriae.
631 1808 735 1868 Vides·
755 1827 772 1861 τ

111 1894 230 1982 ncillam
243 1895 348 1963 urbem,
363 1915 432 1972 quae
446 1915 540 1972 parere
553 1893 657 1972 populo
670 1902 737 1956 Ro·

110 2004 192 2049 mano
203 1986 295 2042 coaua
305 2001 352 2061 per
364 2001 418 2050 me,
431 1998 542 2040 renovat
551 1979 661 2059 pristina
670 1984 738 2043 bel-

110 2073 148 2143 la,
164 2092 213 2130 nec
224 2067 308 2149 potest
317 2067 471 2146 quiescere?
499 2068 669 2147 (ostendebat
682 2093 739 2132 au·

110 2175 166 2217 tem
173 2157 363 2232 Carthaginem
372 2153 531 2226 deexcelso,
538 2172 566 2216 et
575 2155 657 2234 pleno
666 2157 740 2220 stel-

110 2243 209 2311 larum,
228 2241 324 2301 illustri
338 2258 365 2300 et
379 2241 453 2302 claro
468 2245 586 2321 quodam
599 2243 680 2325 loco)
699 2249 745 2307 ad

111 2345 194 2401 quam
208 2343 237 2384 tu
256 2331 461 2404 oppugnandam
478 2351 549 2388 nunc
565 2332 643 2390 venis
661 2353 745 2409 pene

26 2419 39 2457 1
112 2408 189 2464 miles
201 2412 211 2466 ἓ
235 2415 305 2470 hanc
319 2416 371 2471 hoc
383 2417 491 2474 biennio
504 2415 595 2476 consul
609 2435 745 2492 evertes,

112 2493 216 2572 eritque
231 2515 378 2572 cognomen
393 2502 424 2598 iq
437 2503 485 2562 tibi
501 2523 550 2582 per
560 2519 591 2564 te
606 2501 746 2584 partum,
