1644 2760
229 123 581 188 outitntctu‘tit.
662 137 730 187 11121-

19 257 21 262 ·
109 224 184 286 ditiis
198 230 237 284 s-C.
255 225 374 300 Papirius
393 221 585 301 consuluuper
600 223 730 284 influebat

111 315 139 371 iu
155 327 232 388 autes
247 309 399 377 concioniu-
419 329 480 366 cum
495 309 579 368 ferret
594 310 682 386 legent
697 313 732 369 de

113 398 230 458 tribunis
252 395 338 473 piebis
362 395 533 453 reiciendus?
570 395 734 456 diffudimus

114 501 176 544 nos.
199 481 326 540 fed-nihil
341 483 446 539 deme:
464 482 498 540 de
513 482 633 558 Scipione
644 484 735 542 dicam

116 569 253 630 libentius.
269 585 370 645 quanta
379 567 436 634 iiia,
446 567 484 624 dii
492 568 659 626 immortales
670 575 677 628 !
689 570 735 628 fu·-

116 658 139 714 it
150 656 287 732 gravitas?
305 669 406 731 quanta
418 653 444 710 iu
457 654 579 711 oratione
590 654 733 732 majestas?

118 755 152 800 ut
171 740 243 798 faciti
258 741 353 797 ducem
369 738 460 816 populi
479 740 604 808 Romani,
620 752 674 799 uota
689 757 736 799 co‘·

117 829 210 886 mitem
225 827 339 886 diceres.
360 825 407 883 sed
416 823 540 883 affuistis:
553 825 628 884 etest
638 828 668 886 in
678 844 738 886 ma*-

118 915 199 972 uibus
210 913 308 971 oratio.
333 911 423 987 itaque
438 911 484 968 lex
495 910 630 988 populatis
642 911 738 972 suffta‘·

120 1002 171 1075 giis
183 997 273 1074 popuii
286 999 425 1072 repudiata
436 997 483 1056 est.
499 1013 591 1074 utque,
606 1012 637 1055 ut
648 999 683 1057 ad
693 1019 738 1064 mu

122 1085 249 1142 redeam:
267 1083 432 1154 meministis,
445 1089 492 1160 Q
506 1084 641 1151 Maximo,
654 1083 740 1143 fratte

122 1169 266 1246 Scipionis,
293 1187 321 1226 et
350 1175 383 1229 L.
421 1169 548 1226 Mancino
573 1169 738 1239 consitione,
785 1225 787 1229 .

124 1259 206 1332 quini
217 1253 351 1330 popularis
364 1255 409 1312 lex
420 1257 454 1312 de
466 1253 620 1314 sacerdotiis
631 1255 741 1318 utici·

12 1399 13 1404 1
125 1337 162 1398 iiii
178 1337 258 1400 Ctassi
273 1341 423 1399 videbatur.
447 1343 582 1417 cooptatio
596 1343 667 1399 enim
681 1337 740 1401 col*-

125 1427 254 1503 iegiorum
271 1427 304 1484 ad
318 1426 407 1504 populi
421 1427 579 1484 beneficium
594 1427 741 1490 transfere·

124 1517 216 1572 batur.
239 1515 352 1588 atqueis
365 1513 479 1587 primum
490 1511 602 1570 instituit
611 1513 638 1570 in
651 1512 742 1572 fotum

125 1597 216 1656 versus
239 1617 317 1672 agere
341 1614 401 1652 cum
419 1595 530 1673 pupulo.
565 1612 653 1656 tamen
668 1597 742 1657 illius

128 1683 287 1743 vendibilem
299 1683 447 1739 orationem
460 1681 554 1758 religio
567 1685 679 1741 deorum
690 1685 742 1742 im·-

126 1771 293 1836 mortalium,
317 1769 394 1826 nobis
417 1767 634 1838 defendentibus,
663 1769 743 1829 facile

125 1857 260 1914 vincebat.
278 1871 359 1932 atque
372 1855 400 1912 id
410 1859 496 1913 adium
508 1853 545 1913 est
556 1873 679 1932 praetore
688 1877 743 1925 me,

127 1943 311 2020 quinquennio
331 1956 393 1998 ante
414 1961 495 2018 quam
508 1940 599 1999 consul
614 1941 669 1998 sum
685 1942 743 2001 fac·-

127 2046 183 2088 tus.
219 2031 310 2105 itaque
325 2045 354 2084 re
368 2029 464 2103 magis,
485 2047 566 2104 quam
587 2027 746 2086 audictita'tc

91 2112 207 2183 ,neausa
221 2111 273 2170 ilias
286 2111 395 2170 defensi
414 2112 462 2172 eii·
485 2113 568 2190 Qud
582 2110 641 2170 stin
655 2110 746 2183 scena',

129 2201 159 2257 id
173 2197 221 2266 est,
235 2200 263 2256 in
278 2199 418 2265 concione,
432 2200 528 2276 inqua
543 2198 622 2256 rebus
636 2197 703 2258 ficiis
717 2213 746 2258 et

130 2285 296 2344 adumbratis
311 2283 363 2340 loci
379 2285 522 2361 plurimum
536 2283 584 2352 est,
595 2300 685 2344 tamen
697 2285 744 2345 ve³¹

131 2388 195 2428 rum*
205 2369 287 2437 valet,
301 2365 334 2446 (si
344 2371 425 2426 modo
434 2365 462 2427 id
472 2370 634 2446 patefadium
646 2387 673 2428 et
682 2371 747 2430 iliu·

117 2459 241 2518 'stratutu
251 2455 418 2535 estiensis
430 2456 547 2516 amicitia
556 2456 745 2536 ieri-‘oportun

726 2565 798 2586 ..1-
806 2583 808 2587 .
