1644 2760
278 87 543 145 scumouus.
606 149 609 154 f
663 94 724 154 ιςι

107 207 205 250 canum
219 188 300 248 audio
315 189 417 270 dicere)
437 189 504 268 quid
520 205 613 246 moror
627 183 655 243 iu
669 197 729 241 ter·

107 277 161 336 ris?
175 277 241 355 quin
253 280 306 336 huc
317 279 413 350 advos
425 277 516 336 venire
529 271 659 353 propero?
673 287 730 330 non

25 377 26 381 ’
107 361 146 423 est
157 365 207 434 ita,
222 365 311 443 inquit
319 363 376 424 ille.
401 362 447 424 nisu
458 364 530 424 enim
542 369 617 428 Deus
628 359 665 428 ie,
680 376 729 416 cu·

105 453 154 531 jus
171 453 224 511 hoc
239 451 369 529 templum
387 450 424 512 est
441 471 521 512 omne
535 448 610 529 quod
624 442 730 524 conspi·
768 450 774 463 ‘

22 569 24 572 ·
84 579 90 584 κ
110 539 161 608 cis,
176 537 231 598 istis
246 555 273 598 te
288 540 408 618 corporis
423 538 548 599 custodiis
562 533 730 602 liberaverit,

110 628 166 686 huc
180 626 229 684 tibi
244 627 332 686 aditus
346 643 438 705 patere
452 647 507 686 non
520 622 617 705 potest.
639 619 731 682 homi·

109 732 159 773 nes
171 714 241 772 enim
255 712 318 774 sunt
327 717 379 774 hac
392 714 454 794 lege
464 713 596 793 generati,
611 710 658 790 qui
669 724 732 768 tue·
788 757 791 760 .

109 816 204 860 rentur
213 799 291 860 illum
301 801 423 880 globum,
435 823 517 882 quem
525 803 553 862 iu
564 803 618 862 hoc
626 795 731 877 templo

108 889 229 948 medium
237 890 324 958 vides,
334 909 403 968 quae
412 906 485 951 terra
494 891 614 949 dicitur:
636 883 733 965 hisque
788 895 791 903 ’

109 974 216 1034 animus
228 976 308 1036 datus
319 976 357 1036 est
368 997 404 1038 ex
415 975 470 1036 illis
481 974 647 1056 sempiternis
661 972 732 1051 igni·

108 1063 171 1131 bus,
187 1081 258 1140 quae
272 1061 357 1124 fidere
370 1081 398 1123 et
413 1064 502 1124 stellas
516 1063 637 1124 vocatis:
661 1079 732 1140 quae

107 1148 248 1230 globosae,
269 1167 297 1210 et
316 1153 460 1221 rotundae,
481 1148 579 1212 diuinis
597 1150 733 1210 animatae

109 1238 256 1307 mentibus,
277 1237 395 1298 citculos
416 1237 477 1299 suos
493 1237 625 1318 orbesque
645 1234 756 1317 confi-N

108 1324 185 1384 ciunt
204 1326 343 1386 celeritate
361 1325 488 1389 mirabili.
519 1337 604 1406 quare
619 1340 652 1385 et
669 1322 731 1392 tibi,
785 1395 786 1400 η

108 1411 199 1486 Publi,
215 1430 244 1474 et
255 1414 305 1492 piis
315 1415 440 1477 omnibus
456 1415 611 1474 retinendus
623 1409 660 1472 est
672 1410 732 1470 aui·
794 1437 798 1444 ·

107 1501 212 1558 musio
230 1500 351 1562 custodia
363 1501 502 1580 corporis:
526 1521 576 1562 nec
590 1497 686 1578 injussu
701 1519 732 1558 e·

105 1586 165 1664 jus,
180 1607 196 1645 a
210 1607 266 1666 quo
279 1587 327 1646 ille
340 1587 378 1649 est
392 1589 469 1648 vobis
484 1589 575 1660 datus,
591 1608 628 1648 ex
642 1585 731 1649 homi·

107 1691 174 1734 num
183 1675 239 1734 vita
248 1675 419 1754 migrandum
427 1674 475 1746 est,
483 1697 517 1736 ne
525 1695 624 1738 munus
632 1677 732 1737 huua-

107 1781 175 1822 num
189 1761 345 1841 augutam
355 1783 372 1826 o
383 1770 445 1824 Deo
456 1761 584 1842 defugisse
598 1762 730 1829 videamir

108 1851 147 1913 ni.
185 1850 232 1912 sed
246 1849 291 1920 fic,
309 1852 409 1934 Scipio,
424 1868 455 1912 ut
469 1873 535 1914 avus
550 1853 595 1912 bic
608 1867 683 1920 tuus,
698 1865 731 1910 ut

107 1959 171 2018 ego,
180 1939 234 2019 ,qui
243 1954 271 1998 te
280 1939 370 2017 genui,
380 1939 511 2017 justitiam
520 1939 591 2010 oole,
602 1953 631 1998 et
643 1939 729 2016 pieta·

107 2042 181 2087 teme
206 2047 286 2106 quae,
302 2047 364 2088 eum
377 2025 409 2086 fit
423 2047 521 2106 magna
534 2025 730 2106 inpotentibus

107 2129 137 2177 et
147 2115 316 2194 propinquis,
331 2131 389 2190 tum
402 2115 431 2174 in
442 2115 531 2194 patrie
541 2113 664 2174 ,maximo
678 2112 728 2179 est.

108 2221 141 2262 ea
153 2201 218 2271 vita,
233 2203 277 2262 via
287 2201 325 2264 est
335 2205 363 2263 iu
374 2202 490 2273 caelum,
505 2218 533 2262 et
543 2202 571 2262 in
581 2204 654 2262 huuc
664 2221 729 2262 coe·

108 2305 168 2348 tum
179 2308 284 2360 eorum,
299 2292 347 2370 qui
355 2293 414 2370 jam
424 2292 563 2360 vixerunt,
575 2305 603 2350 et
614 2307 730 2369 corpore

108 2375 206 2447 laxati,
216 2377 294 2440 illum
302 2378 537 2450 incoluntlocum,
548 2399 630 2460 quem
640 2379 728 2438 vides.

109 2465 729 2550 eroteutemiospleodidiffimocoodoreiuter
753 2493 754 2496 π
