1644 2760
236 128 531 188 PARADOXA'.
633 140 696 190 lat
789 129 791 136 ’

70 233 262 294 vete'dicitur':
288 249 325 300 et,
342 233 416 310 quod
431 239 542 299 redum,
557 246 585 290 et
596 231 697 290 hones·

69 339 141 391 tum,
157 339 185 380 et
199 341 261 380 cum
273 321 371 378 virtute
386 319 434 384 est,
450 319 479 376 id
495 317 580 376 solum
596 320 696 395 opinor

36 419 52 454 ³
71 419 188 469 Bonum.
231 409 287 465 Sed
301 411 367 465 haec
382 406 467 463 vidori
482 405 586 482 possunt
597 404 696 465 obscu-

16 515 20 522 '
70 498 156 563 riona,
175 515 236 553 cum
256 493 353 552 lentius
366 491 547 570 disputantur.
577 494 634 551 rita
651 510 696 552 at·
743 523 748 536 i

70 605 128 662 que
143 582 218 642 fanis
233 580 390 640 illustranda
402 573 462 637 sun't
476 578 640 638 summorum
651 582 694 640 ri-

70 691 167 730 rorum
181 672 258 737 haec,
274 688 344 745 quae
359 668 446 724 verbis
462 664 594 734 subtilius,
611 689 695 745 quam
788 726 790 730 ,

70 756 136 817 satis
147 755 195 824 est,
207 753 337 832 disputati
348 755 484 813 videntur.
508 769 610 831 qnae'ro
621 759 695 816 enim

71 866 89 903 a
103 843 190 911 robis,
207 863 270 900 uum
286 841 369 900 ullam
384 842 573 917 cogitationem
584 841 695 903 habuis·

70 931 99 991 se
108 932 249 990 videantur
258 931 288 997 ii,
297 929 346 1005 ,qui
356 932 425 1001 hanc
435 929 625 1006 rempublicam
634 948 693 992 tam

71 1017 210 1096 praeclare
225 1015 380 1073 'fundatam
406 1016 482 1072 nobis
513 1015 694 1094 reliquerunt·

73 1105 202 1171 autenti,
218 1119 265 1160 aut
276 1104 379 1179 argenti
392 1104 426 1160 ad
439 1104 588 1174 avaritiam,
604 1105 650 1166 aut
662 1127 706 1166 a··

72 1191 299 1250 moenitatum'ad
313 1188 529 1259 detentationem,
543 1193 590 1250 aut
604 1191 696 1271 nuel·-

72 1277 168 1337 lenitis
180 1279 214 1335 ad
224 1277 345 1343 delicias,
353 1277 543 1353 autepularutn
553 1280 588 1337 ad
597 1282 693 1359 volup·

72 1365 164 1424 tates?
190 1367 281 1441 ponite
292 1379 354 1422 ante
369 1363 461 1422 oculos
475 1385 694 1446 unumquemque

73 1473 176 1529 regum.
203 1451 284 1509 vultis
299 1451 465 1508 aRomulo?
491 1451 571 1510 vultis
588 1454 643 1530 post
658 1456 693 1512 li.

73 1541 165 1597 beram
175 1539 321 1605 civitatem,
338 1539 371 1595 ab
381 1539 412 1594 iis
424 1537 495 1616 ἱρῆς,
505 1541 551 1616 qui
560 1539 693 1602 liberare·

73 1643 137 1684 runt
144 1625 217 1683 eam?
228 1625 325 1700 quibus
335 1626 443 1682 tandem
453 1627 581 1702 gradibus
588 1635 693 1690 Romu·

72 1712 116 1770 lua
126 1709 299 1769 adscenditur
310 1711 428 1770 caelum?
439 1711 631 1791 iisne‚quaeilli
641 1719 691 1776 bo·

71 1820 107 1858 na
116 1797 252 1877 appellant
264 1798 274 1856 ἲ
289 1819 322 1856 an
333 1799 411 1857 rebus
423 1798 501 1876 gellis
510 1817 592 1880 atque
603 1805 690 1864 virtu·

71 1877 241 1964 tibus?quid?
253 1893 355 1944 Numae
366 1886 489 1964 Pompilii
498 1888 617 1950 minusne
626 1915 690 1970 gra.

71 1989 113 2032 tas
123 1975 183 2030 Diis
192 1971 389 2030 immortalibus
399 1975 539 2050 capedines
549 1996 580 2034 ac
594 1979 689 2041 fidiles

69 2059 181 2120 urnulas
194 2059 278 2127 fuisse,
294 2064 377 2137 quim
387 2060 500 2119 filicatas
514 2062 628 2123 aliorum
640 2087 690 2143 pa·

68 2165 142 2206 teras
158 2147 338 2206 arbitramur?
363 2149 465 2210 omitto
476 2147 611 2228 reliquo's:
628 2152 690 2216 sunt

66 2234 140 2294 enim
153 2253 246 2292 omnes
257 2225 335 2311 pares
345 2235 415 2293 inter
424 2235 460 2303 se,
471 2233 688 2318 praeter'supe'r·

36 2378 40 2384 ,
66 2323 143 2380 bum.
168 2327 280 2401 Brutum
290 2319 306 2378 si
317 2323 378 2400 quis
388 2340 475 2398 roget,
488 2325 552 2401 quid
562 2330 647 2402 egerit
659 2332 686 2389 in

64 2409 155 2488 patria
167 2407 321 2466 liberanda:
346 2407 364 2466 st
377 2411 436 2486 quis
448 2412 513 2468 item
525 2412 643 2490 reliquos
655 2438 686 2474 e·

62 2495 175 2577 jusdem
189 2493 289 2558 conlilii
303 2494 400 2563 socios,
418 2498 484 2576 quid
499 2497 685 2578 spoliaverint,-
