<?xml version="1.0" encoding="UTF-8"?>
<!DOCTYPE html PUBLIC "-//W3C//DTD XHTML 1.0 Transitional//EN"
    "http://www.w3.org/TR/xhtml1/DTD/xhtml1-transitional.dtd">
<html xmlns="http://www.w3.org/1999/xhtml" xml:lang="en" lang="en">
 <head>
  <title>
</title>
<meta http-equiv="Content-Type" content="text/html;charset=utf-8" />
  <meta name='ocr-system' content='tesseract 3.04.00' />
  <meta name='ocr-capabilities' content='ocr_page ocr_carea ocr_par ocr_line ocrx_word'/>
</head>
<body>
  <div class='ocr_page' id='page_1' title='image "./mtciceroniscato01cicegoog_0024.png"; bbox 0 0 1654 2758; ppageno 0'>
   <div class='ocr_carea' id='block_1_1' title="bbox 104 123 620 182">
    <p class='ocr_par' dir='ltr' id='par_1_1' title="bbox 104 123 620 182">
     <span class='ocr_line' id='line_1_1' title="bbox 104 123 620 182; baseline -0.004 0"><span class='ocrx_word' id='word_1_1' title='bbox 104 134 150 182; x_wconf 78' lang='lat'>20</span> <span class='ocrx_word' id='word_1_2' title='bbox 216 124 278 180; x_wconf 85' lang='lat' dir='ltr'>DE</span> <span class='ocrx_word' id='word_1_3' title='bbox 303 123 620 180; x_wconf 63' lang='lat' dir='ltr'>stt-Noenum</span> 
     </span>
    </p>
   </div>
   <div class='ocr_carea' id='block_1_2' title="bbox 25 185 813 2028">
    <p class='ocr_par' dir='ltr' id='par_1_2' title="bbox 102 185 810 1081">
     <span class='ocr_line' id='line_1_2' title="bbox 103 185 810 324; baseline 0 -48"><span class='ocrx_word' id='word_1_4' title='bbox 103 219 264 289; x_wconf 73' lang='lat' dir='ltr'>verendum,</span> <span class='ocrx_word' id='word_1_5' title='bbox 277 241 311 279; x_wconf 91' lang='lat' dir='ltr'>ne</span> <span class='ocrx_word' id='word_1_6' title='bbox 330 243 395 282; x_wconf 78' lang='lat' dir='ltr'>vere</span> <span class='ocrx_word' id='word_1_7' title='bbox 407 223 442 280; x_wconf 87' lang='lat' dir='ltr'>de</span> <span class='ocrx_word' id='word_1_8' title='bbox 457 220 483 279; x_wconf 87' lang='lat' dir='ltr'>se</span> <span class='ocrx_word' id='word_1_9' title='bbox 497 222 664 298; x_wconf 83' lang='lat' dir='ltr'>praedicans,</span> <span class='ocrx_word' id='word_1_10' title='bbox 681 218 727 276; x_wconf 82' lang='lat' dir='ltr'>ni·</span> <span class='ocrx_word' id='word_1_11' title='bbox 808 185 810 324; x_wconf 93' lang='grc'>1</span> 
     </span>
     <span class='ocr_line' id='line_1_3' title="bbox 103 305 725 384; baseline 0.002 -22"><span class='ocrx_word' id='word_1_12' title='bbox 103 305 155 362; x_wconf 84' lang='lat' dir='ltr'>mis</span> <span class='ocrx_word' id='word_1_13' title='bbox 175 307 312 366; x_wconf 81' lang='lat' dir='ltr'>videretur</span> <span class='ocrx_word' id='word_1_14' title='bbox 326 325 373 368; x_wconf 87' lang='lat' dir='ltr'>ant</span> <span class='ocrx_word' id='word_1_15' title='bbox 392 307 521 376; x_wconf 77' lang='lat' dir='ltr'>insolens</span> <span class='ocrx_word' id='word_1_16' title='bbox 528 324 585 365; x_wconf 87' lang='lat' dir='ltr'>aut</span> <span class='ocrx_word' id='word_1_17' title='bbox 606 306 725 384; x_wconf 82' lang='lat' dir='ltr'><strong>loquax.</strong></span> 
     </span>
     <span class='ocr_line' id='line_1_4' title="bbox 103 392 728 472; baseline 0.002 -23"><span class='ocrx_word' id='word_1_18' title='bbox 103 393 203 450; x_wconf 79' lang='lat' dir='ltr'>etenim</span> <span class='ocrx_word' id='word_1_19' title='bbox 223 392 277 470; x_wconf 76' lang='lat' dir='ltr'>(nt</span> <span class='ocrx_word' id='word_1_20' title='bbox 282 396 319 454; x_wconf 85' lang='lat' dir='ltr'>ait</span> <span class='ocrx_word' id='word_1_21' title='bbox 336 396 486 472; x_wconf 83' lang='lat' dir='ltr'>Homerus)</span> <span class='ocrx_word' id='word_1_22' title='bbox 506 415 543 454; x_wconf 87' lang='lat' dir='ltr'>ex</span> <span class='ocrx_word' id='word_1_23' title='bbox 557 397 615 470; x_wconf 82' lang='lat' dir='ltr'>ejus</span> <span class='ocrx_word' id='word_1_24' title='bbox 631 393 728 469; x_wconf 86' lang='lat' dir='ltr'>lingua</span> 
     </span>
     <span class='ocr_line' id='line_1_5' title="bbox 104 477 726 558; baseline -0.002 -23"><span class='ocrx_word' id='word_1_25' title='bbox 104 478 185 538; x_wconf 90' lang='lat' dir='ltr'>melle</span> <span class='ocrx_word' id='word_1_26' title='bbox 194 479 300 540; x_wconf 77' lang='lat' dir='ltr'>dulcior</span> <span class='ocrx_word' id='word_1_27' title='bbox 308 483 408 542; x_wconf 84' lang='lat' dir='ltr'>fluebat</span> <span class='ocrx_word' id='word_1_28' title='bbox 416 499 514 554; x_wconf 74' lang='lat' dir='ltr'>oratio,</span> <span class='ocrx_word' id='word_1_29' title='bbox 529 499 610 558; x_wconf 85' lang='lat' dir='ltr'>quam</span> <span class='ocrx_word' id='word_1_30' title='bbox 619 481 652 547; x_wconf 86' lang='lat' dir='ltr'>ad</span> <span class='ocrx_word' id='word_1_31' title='bbox 662 477 726 536; x_wconf 83' lang='lat' dir='ltr'>sua·.</span> 
     </span>
     <span class='ocr_line' id='line_1_6' title="bbox 104 565 723 646; baseline 0.003 -24"><span class='ocrx_word' id='word_1_32' title='bbox 104 565 216 626; x_wconf 82' lang='lat' dir='ltr'>vitatem</span> <span class='ocrx_word' id='word_1_33' title='bbox 235 568 329 628; x_wconf 86' lang='lat' dir='ltr'>nuliis·</span> <span class='ocrx_word' id='word_1_34' title='bbox 340 570 437 646; x_wconf 78' lang='lat' dir='ltr'>egebat</span> <span class='ocrx_word' id='word_1_35' title='bbox 449 569 577 646; x_wconf 78' lang='lat' dir='ltr'>¹corporis</span> <span class='ocrx_word' id='word_1_36' title='bbox 601 567 703 625; x_wconf 83' lang='lat' dir='ltr'>viribus</span> <span class='ocrx_word' id='word_1_37' title='bbox 715 588 723 624; x_wconf 89' lang='grc' dir='ltr'>ι</span> 
     </span>
     <span class='ocr_line' id='line_1_7' title="bbox 102 652 725 732; baseline 0 -21"><span class='ocrx_word' id='word_1_38' title='bbox 102 667 236 713; x_wconf 86' lang='lat' dir='ltr'>ettamen</span> <span class='ocrx_word' id='word_1_39' title='bbox 250 656 310 714; x_wconf 83' lang='lat' dir='ltr'>dux</span> <span class='ocrx_word' id='word_1_40' title='bbox 324 655 371 715; x_wconf 86' lang='lat' dir='ltr'>ille</span> <span class='ocrx_word' id='word_1_41' title='bbox 385 657 515 728; x_wconf 82' lang='lat' dir='ltr'>Graeciae</span> <span class='ocrx_word' id='word_1_42' title='bbox 529 652 659 732; x_wconf 81' lang='lat' dir='ltr'>nusquam</span> <span class='ocrx_word' id='word_1_43' title='bbox 674 674 725 730; x_wconf 46' lang='lat' dir='ltr'>ope,</span> 
     </span>
     <span class='ocr_line' id='line_1_8' title="bbox 104 741 728 820; baseline 0.003 -22"><span class='ocrx_word' id='word_1_44' title='bbox 104 754 157 809; x_wconf 85' lang='lat' dir='ltr'>tat,</span> <span class='ocrx_word' id='word_1_45' title='bbox 165 757 203 800; x_wconf 84' lang='lat' dir='ltr'>nt</span> <span class='ocrx_word' id='word_1_46' title='bbox 214 743 306 820; x_wconf 77' lang='lat' dir='ltr'>Ajacis</span> <span class='ocrx_word' id='word_1_47' title='bbox 319 741 523 802; x_wconf 76' lang='lat' dir='ltr'>fimileshabeat</span> <span class='ocrx_word' id='word_1_48' title='bbox 534 744 683 808; x_wconf 70' lang='lat' dir='ltr'>decernat</span> <span class='ocrx_word' id='word_1_49' title='bbox 695 754 728 800; x_wconf 84' lang='lat' dir='ltr'>ut</span> 
     </span>
     <span class='ocr_line' id='line_1_9' title="bbox 105 826 725 908; baseline 0 -24"><span class='ocrx_word' id='word_1_50' title='bbox 105 826 251 902; x_wconf 52' lang='lat' dir='ltr'>Nestoriea</span> <span class='ocrx_word' id='word_1_51' title='bbox 264 831 339 908; x_wconf 87' lang='lat' dir='ltr'>quod</span> <span class='ocrx_word' id='word_1_52' title='bbox 353 828 525 898; x_wconf 76' lang='lat' dir='ltr'>flacciderit,</span> <span class='ocrx_word' id='word_1_53' title='bbox 540 827 725 896; x_wconf 76' lang='lat' dir='ltr'>nondubitat,</span> 
     </span>
     <span class='ocr_line' id='line_1_10' title="bbox 104 913 727 995; baseline -0.002 -23"><span class='ocrx_word' id='word_1_54' title='bbox 104 915 172 992; x_wconf 87' lang='lat' dir='ltr'>quin</span> <span class='ocrx_word' id='word_1_55' title='bbox 190 915 265 976; x_wconf 84' lang='lat' dir='ltr'>brevi</span> <span class='ocrx_word' id='word_1_56' title='bbox 280 918 370 994; x_wconf 85' lang='lat' dir='ltr'>Troja</span> <span class='ocrx_word' id='word_1_57' title='bbox 383 913 414 975; x_wconf 82' lang='lat' dir='ltr'>stt</span> <span class='ocrx_word' id='word_1_58' title='bbox 429 918 558 995; x_wconf 87' lang='lat' dir='ltr'>peritura.</span> <span class='ocrx_word' id='word_1_59' title='bbox 580 914 628 974; x_wconf 86' lang='lat' dir='ltr'>sed</span> <span class='ocrx_word' id='word_1_60' title='bbox 643 915 727 972; x_wconf 89' lang='lat' dir='ltr'>redeo</span> 
     </span>
     <span class='ocr_line' id='line_1_11' title="bbox 105 997 726 1081; baseline 0.006 -21"><span class='ocrx_word' id='word_1_61' title='bbox 105 1001 209 1062; x_wconf 82' lang='lat' dir='ltr'>adme.</span> <span class='ocrx_word' id='word_1_62' title='bbox 233 1020 360 1081; x_wconf 81' lang='lat' dir='ltr'>quartum</span> <span class='ocrx_word' id='word_1_63' title='bbox 375 1023 475 1064; x_wconf 87' lang='lat' dir='ltr'>annum</span> <span class='ocrx_word' id='word_1_64' title='bbox 490 1023 541 1080; x_wconf 83' lang='lat' dir='ltr'>ago</span> <span class='ocrx_word' id='word_1_65' title='bbox 556 1019 584 1062; x_wconf 92' lang='lat' dir='ltr'>et</span> <span class='ocrx_word' id='word_1_66' title='bbox 597 997 726 1077; x_wconf 65' lang='lat' dir='ltr'>ottogesn</span> 
     </span>
    </p>

    <p class='ocr_par' dir='ltr' id='par_1_3' title="bbox 25 1085 813 2028">
     <span class='ocr_line' id='line_1_12' title="bbox 25 1085 812 1169; baseline -0.003 -21"><span class='ocrx_word' id='word_1_67' title='bbox 25 1099 32 1111; x_wconf 85' lang='grc'><strong>“</strong></span> <span class='ocrx_word' id='word_1_68' title='bbox 105 1106 197 1148; x_wconf 86' lang='lat' dir='ltr'>mnrn:</span> <span class='ocrx_word' id='word_1_69' title='bbox 214 1091 339 1167; x_wconf 84' lang='lat' dir='ltr'>equidem</span> <span class='ocrx_word' id='word_1_70' title='bbox 351 1089 422 1169; x_wconf 79' lang='lat' dir='ltr'>poffe</span> <span class='ocrx_word' id='word_1_71' title='bbox 432 1085 531 1152; x_wconf 78' lang='lat' dir='ltr'>vellem</span> <span class='ocrx_word' id='word_1_72' title='bbox 542 1090 615 1148; x_wconf 83' lang='lat' dir='ltr'>idem&#39;</span> <span class='ocrx_word' id='word_1_73' title='bbox 625 1087 726 1164; x_wconf 84' lang='lat' dir='ltr'>gloria·</span> <span class='ocrx_word' id='word_1_74' title='bbox 811 1151 812 1154; x_wconf 8' lang='grc' dir='ltr'><strong>Ἴ</strong></span> 
     </span>
     <span class='ocr_line' id='line_1_13' title="bbox 95 1174 727 1255; baseline 0 -23"><span class='ocrx_word' id='word_1_75' title='bbox 95 1175 141 1250; x_wconf 69' lang='lat' dir='ltr'>vri,</span> <span class='ocrx_word' id='word_1_76' title='bbox 156 1178 232 1254; x_wconf 88' lang='lat' dir='ltr'>qnod</span> <span class='ocrx_word' id='word_1_77' title='bbox 243 1182 349 1255; x_wconf 81' lang='lat' dir='ltr'>Cyrus:</span> <span class='ocrx_word' id='word_1_78' title='bbox 368 1177 415 1236; x_wconf 88' lang='lat' dir='ltr'>sed</span> <span class='ocrx_word' id='word_1_79' title='bbox 428 1193 519 1238; x_wconf 82' lang='lat' dir='ltr'>tamen</span> <span class='ocrx_word' id='word_1_80' title='bbox 533 1179 587 1236; x_wconf 89' lang='lat' dir='ltr'>hoc</span> <span class='ocrx_word' id='word_1_81' title='bbox 601 1194 672 1254; x_wconf 84' lang='lat' dir='ltr'>queo</span> <span class='ocrx_word' id='word_1_82' title='bbox 683 1174 727 1232; x_wconf 90' lang='lat' dir='ltr'>di·</span> 
     </span>
     <span class='ocr_line' id='line_1_14' title="bbox 105 1259 790 1342; baseline -0.003 -22"><span class='ocrx_word' id='word_1_83' title='bbox 105 1281 178 1332; x_wconf 83' lang='lat' dir='ltr'>cere,</span> <span class='ocrx_word' id='word_1_84' title='bbox 194 1283 247 1322; x_wconf 90' lang='lat' dir='ltr'>non</span> <span class='ocrx_word' id='word_1_85' title='bbox 260 1285 303 1324; x_wconf 87' lang='lat' dir='ltr'>nte</span> <span class='ocrx_word' id='word_1_86' title='bbox 312 1265 421 1342; x_wconf 83' lang='lat' dir='ltr'>quidem</span> <span class='ocrx_word' id='word_1_87' title='bbox 431 1265 465 1324; x_wconf 80' lang='lat' dir='ltr'>iis</span> <span class='ocrx_word' id='word_1_88' title='bbox 474 1262 526 1324; x_wconf 79' lang='lat' dir='ltr'>effe</span> <span class='ocrx_word' id='word_1_89' title='bbox 536 1263 649 1330; x_wconf 68' lang='lat' dir='ltr'>viribns3</span> <span class='ocrx_word' id='word_1_90' title='bbox 665 1259 727 1338; x_wconf 84' lang='lat' dir='ltr'>qui·</span> <span class='ocrx_word' id='word_1_91' title='bbox 786 1327 790 1331; x_wconf 25' lang='lat'>¹</span> 
     </span>
     <span class='ocr_line' id='line_1_15' title="bbox 106 1345 813 1427; baseline -0.001 -22"><span class='ocrx_word' id='word_1_92' title='bbox 106 1349 158 1406; x_wconf 84' lang='lat' dir='ltr'>bus</span> <span class='ocrx_word' id='word_1_93' title='bbox 173 1365 220 1408; x_wconf 84' lang='lat' dir='ltr'>aut</span> <span class='ocrx_word' id='word_1_94' title='bbox 234 1350 311 1410; x_wconf 81' lang='lat' dir='ltr'>miles</span> <span class='ocrx_word' id='word_1_95' title='bbox 326 1351 398 1410; x_wconf 89' lang='lat' dir='ltr'>bello</span> <span class='ocrx_word' id='word_1_96' title='bbox 413 1353 525 1422; x_wconf 77' lang='lat' dir='ltr'>Punico,</span> <span class='ocrx_word' id='word_1_97' title='bbox 541 1367 588 1410; x_wconf 86' lang='lat' dir='ltr'>ant</span> <span class='ocrx_word' id='word_1_98' title='bbox 602 1345 727 1427; x_wconf 79' lang='lat' dir='ltr'>quaestor</span> <span class='ocrx_word' id='word_1_99' title='bbox 811 1359 813 1374; x_wconf 42' lang='lat'>&#39;¹</span> 
     </span>
     <span class='ocr_line' id='line_1_16' title="bbox 108 1432 727 1515; baseline -0.002 -21"><span class='ocrx_word' id='word_1_100' title='bbox 108 1432 205 1496; x_wconf 79' lang='lat' dir='ltr'>eodein</span> <span class='ocrx_word' id='word_1_101' title='bbox 219 1437 365 1507; x_wconf 55' lang='lat' dir='ltr'>bellosam</span> <span class='ocrx_word' id='word_1_102' title='bbox 379 1435 472 1498; x_wconf 87' lang='lat' dir='ltr'>consul</span> <span class='ocrx_word' id='word_1_103' title='bbox 486 1437 515 1495; x_wconf 91' lang='lat' dir='ltr'>in</span> <span class='ocrx_word' id='word_1_104' title='bbox 529 1435 657 1515; x_wconf 78' lang='lat' dir='ltr'>Hispania</span> <span class='ocrx_word' id='word_1_105' title='bbox 668 1433 727 1493; x_wconf 79' lang='lat' dir='ltr'>fue·¹</span> 
     </span>
     <span class='ocr_line' id='line_1_17' title="bbox 108 1522 726 1604; baseline -0.003 -24"><span class='ocrx_word' id='word_1_106' title='bbox 108 1522 171 1592; x_wconf 88' lang='lat' dir='ltr'>rim,</span> <span class='ocrx_word' id='word_1_107' title='bbox 187 1542 234 1584; x_wconf 85' lang='lat' dir='ltr'>aut</span> <span class='ocrx_word' id='word_1_108' title='bbox 248 1525 426 1604; x_wconf 82' lang='lat' dir='ltr'>quadriennio</span> <span class='ocrx_word' id='word_1_109' title='bbox 443 1523 512 1603; x_wconf 79' lang='lat' dir='ltr'>post,</span> <span class='ocrx_word' id='word_1_110' title='bbox 527 1543 590 1582; x_wconf 85' lang='lat' dir='ltr'>cum</span> <span class='ocrx_word' id='word_1_111' title='bbox 604 1522 726 1580; x_wconf 77' lang='lat' dir='ltr'>tribunus</span> 
     </span>
     <span class='ocr_line' id='line_1_18' title="bbox 108 1607 726 1689; baseline -0.008 -19"><span class='ocrx_word' id='word_1_112' title='bbox 108 1608 234 1672; x_wconf 76' lang='lat' dir='ltr'>militarit</span> <span class='ocrx_word' id='word_1_113' title='bbox 254 1613 404 1689; x_wconf 80' lang='lat' dir='ltr'>depugnavi</span> <span class='ocrx_word' id='word_1_114' title='bbox 423 1613 497 1689; x_wconf 85' lang='lat' dir='ltr'>apud</span> <span class='ocrx_word' id='word_1_115' title='bbox 514 1607 726 1686; x_wconf 78' lang='lat' dir='ltr'>Thermopylas,</span> 
     </span>
     <span class='ocr_line' id='line_1_19' title="bbox 93 1695 727 1759; baseline -0.009 -1"><span class='ocrx_word' id='word_1_116' title='bbox 93 1699 164 1758; x_wconf 86' lang='lat' dir='ltr'>.M&#39;.</span> <span class='ocrx_word' id='word_1_117' title='bbox 179 1698 429 1759; x_wconf 82' lang='lat' dir='ltr'>AcilioGlabrione-</span> <span class='ocrx_word' id='word_1_118' title='bbox 439 1695 563 1756; x_wconf 86' lang='lat' dir='ltr'>consule:</span> <span class='ocrx_word' id='word_1_119' title='bbox 580 1695 628 1754; x_wconf 86' lang='lat' dir='ltr'>sed</span> <span class='ocrx_word' id='word_1_120' title='bbox 638 1712 727 1753; x_wconf 87' lang='lat' dir='ltr'>tamen</span> 
     </span>
     <span class='ocr_line' id='line_1_20' title="bbox 111 1780 726 1864; baseline -0.005 -24"><span class='ocrx_word' id='word_1_121' title='bbox 111 1781 155 1860; x_wconf 88' lang='lat' dir='ltr'>(nt</span> <span class='ocrx_word' id='word_1_122' title='bbox 169 1804 218 1843; x_wconf 87' lang='lat' dir='ltr'>vos</span> <span class='ocrx_word' id='word_1_123' title='bbox 232 1785 343 1864; x_wconf 83' lang='lat' dir='ltr'>videtis)</span> <span class='ocrx_word' id='word_1_124' title='bbox 360 1805 419 1845; x_wconf 87' lang='lat' dir='ltr'>non</span> <span class='ocrx_word' id='word_1_125' title='bbox 428 1784 508 1863; x_wconf 86' lang='lat' dir='ltr'>plane</span> <span class='ocrx_word' id='word_1_126' title='bbox 521 1803 565 1842; x_wconf 86' lang='lat' dir='ltr'>me</span> <span class='ocrx_word' id='word_1_127' title='bbox 579 1780 726 1849; x_wconf 81' lang='lat' dir='ltr'>enervavit,</span> 
     </span>
     <span class='ocr_line' id='line_1_21' title="bbox 110 1869 726 1932; baseline -0.01 -2"><span class='ocrx_word' id='word_1_128' title='bbox 110 1889 161 1930; x_wconf 84' lang='lat' dir='ltr'>nec</span> <span class='ocrx_word' id='word_1_129' title='bbox 171 1869 269 1930; x_wconf 86' lang='lat' dir='ltr'>afflixit</span> <span class='ocrx_word' id='word_1_130' title='bbox 279 1869 415 1932; x_wconf 75' lang='lat' dir='ltr'>senediune</span> <span class='ocrx_word' id='word_1_131' title='bbox 437 1892 492 1930; x_wconf 88' lang='lat' dir='ltr'>non</span> <span class='ocrx_word' id='word_1_132' title='bbox 503 1871 577 1930; x_wconf 87' lang='lat' dir='ltr'>curia</span> <span class='ocrx_word' id='word_1_133' title='bbox 589 1870 659 1927; x_wconf 81' lang='lat' dir='ltr'>vires</span> <span class='ocrx_word' id='word_1_134' title='bbox 670 1885 726 1924; x_wconf 84' lang='lat' dir='ltr'>me·</span> 
     </span>
     <span class='ocr_line' id='line_1_22' title="bbox 110 1955 807 2028; baseline -0.007 -13"><span class='ocrx_word' id='word_1_135' title='bbox 110 1955 297 2028; x_wconf 67' lang='lat' dir='ltr'>indesidem,</span> <span class='ocrx_word' id='word_1_136' title='bbox 313 1979 367 2018; x_wconf 90' lang='lat' dir='ltr'>non</span> <span class='ocrx_word' id='word_1_137' title='bbox 381 1957 489 2027; x_wconf 81' lang='lat' dir='ltr'>Rostra,</span> <span class='ocrx_word' id='word_1_138' title='bbox 504 1977 558 2016; x_wconf 91' lang='lat' dir='ltr'>non</span> <span class='ocrx_word' id='word_1_139' title='bbox 570 1955 660 2023; x_wconf 87' lang='lat' dir='ltr'>amici,</span> <span class='ocrx_word' id='word_1_140' title='bbox 675 1973 727 2012; x_wconf 88' lang='lat' dir='ltr'>non</span> <span class='ocrx_word' id='word_1_141' title='bbox 804 1980 807 1984; x_wconf 93' lang='lat'>·</span> 
     </span>
    </p>
   </div>
   <div class='ocr_carea' id='block_1_3' title="bbox 110 2036 808 2558">
    <p class='ocr_par' dir='ltr' id='par_1_4' title="bbox 110 2036 808 2558">
     <span class='ocr_line' id='line_1_23' title="bbox 110 2036 728 2123; baseline -0.005 -20"><span class='ocrx_word' id='word_1_142' title='bbox 110 2043 235 2113; x_wconf 86' lang='lat' dir='ltr'>clientes,</span> <span class='ocrx_word' id='word_1_143' title='bbox 251 2067 305 2104; x_wconf 89' lang='lat' dir='ltr'>non</span> <span class='ocrx_word' id='word_1_144' title='bbox 316 2044 457 2123; x_wconf 50' lang='lat' dir='ltr'>hospites«.</span> <span class='ocrx_word' id='word_1_145' title='bbox 467 2036 599 2106; x_wconf 78' lang='lat' dir='ltr'>necen&#39;irn</span> <span class='ocrx_word' id='word_1_146' title='bbox 610 2059 728 2118; x_wconf 83' lang='lat' dir='ltr'>unquam</span> 
     </span>
     <span class='ocr_line' id='line_1_24' title="bbox 112 2127 726 2207; baseline -0.007 -18"><span class='ocrx_word' id='word_1_147' title='bbox 112 2129 171 2190; x_wconf 82' lang='lat' dir='ltr'>forn</span> <span class='ocrx_word' id='word_1_148' title='bbox 190 2131 303 2192; x_wconf 76' lang='lat' dir='ltr'>affensus</span> <span class='ocrx_word' id='word_1_149' title='bbox 323 2127 408 2192; x_wconf 80' lang='lat' dir='ltr'>vete&#39;ri</span> <span class='ocrx_word' id='word_1_150' title='bbox 425 2132 465 2190; x_wconf 83' lang='lat' dir='ltr'>illi</span> <span class='ocrx_word' id='word_1_151' title='bbox 482 2132 646 2207; x_wconf 82' lang='lat' dir='ltr'>laudatoque</span> <span class='ocrx_word' id='word_1_152' title='bbox 666 2147 726 2206; x_wconf 85' lang='lat' dir='ltr'>pro·</span> 
     </span>
     <span class='ocr_line' id='line_1_25' title="bbox 113 2213 726 2296; baseline -0.01 -20"><span class='ocrx_word' id='word_1_153' title='bbox 113 2219 218 2288; x_wconf 89' lang='lat' dir='ltr'>verbio,</span> <span class='ocrx_word' id='word_1_154' title='bbox 235 2221 311 2296; x_wconf 86' lang='lat' dir='ltr'>qnod</span> <span class='ocrx_word' id='word_1_155' title='bbox 324 2236 426 2287; x_wconf 85' lang='lat' dir='ltr'>monet,</span> <span class='ocrx_word' id='word_1_156' title='bbox 441 2235 546 2278; x_wconf 78' lang='lat' dir='ltr'>mature</span> <span class='ocrx_word' id='word_1_157' title='bbox 557 2217 615 2276; x_wconf 82' lang='lat' dir='ltr'>fieri</span> <span class='ocrx_word' id='word_1_158' title='bbox 629 2213 726 2283; x_wconf 85' lang='lat' dir='ltr'>senem,</span> 
     </span>
     <span class='ocr_line' id='line_1_26' title="bbox 114 2301 727 2382; baseline -0.005 -22"><span class='ocrx_word' id='word_1_159' title='bbox 114 2301 188 2362; x_wconf 87' lang='lat' dir='ltr'>fidiu</span> <span class='ocrx_word' id='word_1_160' title='bbox 200 2305 265 2372; x_wconf 79' lang='lat' dir='ltr'>velis</span> <span class='ocrx_word' id='word_1_161' title='bbox 278 2303 328 2364; x_wconf 77' lang='lat' dir='ltr'>etse</span> <span class='ocrx_word' id='word_1_162' title='bbox 339 2305 432 2366; x_wconf 83' lang='lat' dir='ltr'>senex.</span> <span class='ocrx_word' id='word_1_163' title='bbox 453 2325 579 2382; x_wconf 84' lang='lat' dir='ltr'>egovero</span> <span class='ocrx_word' id='word_1_164' title='bbox 590 2301 727 2360; x_wconf 81' lang='lat' dir='ltr'>meminus</span> 
     </span>
     <span class='ocr_line' id='line_1_27' title="bbox 114 2386 730 2469; baseline -0.008 -21"><span class='ocrx_word' id='word_1_165' title='bbox 114 2391 161 2448; x_wconf 85' lang='lat' dir='ltr'>diu</span> <span class='ocrx_word' id='word_1_166' title='bbox 175 2390 263 2451; x_wconf 88' lang='lat' dir='ltr'>senem</span> <span class='ocrx_word' id='word_1_167' title='bbox 278 2391 328 2451; x_wconf 77' lang='lat' dir='ltr'>effe</span> <span class='ocrx_word' id='word_1_168' title='bbox 342 2391 462 2458; x_wconf 82' lang='lat' dir='ltr'>mallem,</span> <span class='ocrx_word' id='word_1_169' title='bbox 482 2411 564 2469; x_wconf 82' lang='lat' dir='ltr'>qnam</span> <span class='ocrx_word' id='word_1_170' title='bbox 579 2387 629 2448; x_wconf 80' lang='lat' dir='ltr'>eise</span> <span class='ocrx_word' id='word_1_171' title='bbox 643 2386 730 2445; x_wconf 83' lang='lat' dir='ltr'>senem</span> 
     </span>
     <span class='ocr_line' id='line_1_28' title="bbox 116 2476 808 2558; baseline -0.007 -22"><span class='ocrx_word' id='word_1_172' title='bbox 116 2491 189 2548; x_wconf 83' lang='lat' dir='ltr'>ante,</span> <span class='ocrx_word' id='word_1_173' title='bbox 209 2499 291 2557; x_wconf 87' lang='lat' dir='ltr'>quam</span> <span class='ocrx_word' id='word_1_174' title='bbox 308 2477 396 2539; x_wconf 80' lang='lat' dir='ltr'>effem.</span> <span class='ocrx_word' id='word_1_175' title='bbox 434 2479 527 2558; x_wconf 86' lang='lat' dir='ltr'>itaque</span> <span class='ocrx_word' id='word_1_176' title='bbox 545 2497 628 2544; x_wconf 86' lang='lat' dir='ltr'>nemo¹</span> <span class='ocrx_word' id='word_1_177' title='bbox 644 2476 727 2534; x_wconf 80' lang='lat' dir='ltr'>adhuc</span> <span class='ocrx_word' id='word_1_178' title='bbox 803 2542 808 2552; x_wconf 89' lang='lat'><em>.</em></span> 
     </span>
    </p>
   </div>
   <div class='ocr_carea' id='block_1_4' title="bbox 0 0 842 2758">
    <p class='ocr_par' dir='ltr' id='par_1_5' title="bbox 0 0 842 2758">
     <span class='ocr_line' id='line_1_29' title="bbox 0 0 842 2758; baseline 0 0"><span class='ocrx_word' id='word_1_179' title='bbox 0 0 842 2758; x_wconf 95' lang='lat' dir='ltr'> </span> 
     </span>
    </p>
   </div>
  </div>
 </body>
</html>
