1644 2760
215 121 567 209 ΜΜΜΜιΜιτιΜ.
633 91 711 210 '1195

89 225 213 310 inquam,
237 225 390 292 societas,
384 245 484 301 inqua
503 222 593 282 omnia
609 204 710 292 insunt,

91 333 162 392 quae
183 329 278 390 putant
299 312 420 368 homines
438 311 599 407 expetenda,
623 309 709 364 hone·

90 397 155 465 llas,
180 399 279 474 gloria,
304 395 484 474 tranquillitas
505 395 596 463 animi,
626 409 709 469 atque

7 519 8 524 κ
85 471 260 580 Jncunditas:
285 497 325 549 ut,
346 502 407 540 cum
425 483 492 538 haec
509 479 604 550 adsint,
628 475 709 538 beata

88 571 144 626 vita
155 567 196 636 fit,
212 585 239 628 et
253 565 304 626 stne
319 569 371 628 his
376 565 425 626 effe
441 587 493 627 non
509 566 593 644 poffit.
631 568 706 644 quod

13 718 17 722 ,
83 675 150 718 ,cum
164 657 294 732 optimum
309 655 511 728 maximumque
526 651 567 722 fit,
583 650 640 710 fiid
655 672 706 710 vo·

85 741 176 800 lomus
194 738 312 818 adipisci,
336 737 429 797 virtuti
447 759 529 816 opera
543 739 632 796 danda
645 735 701 796 esta

79 825 137 896 ¹fine
158 847 212 903 qua
230 846 316 902 neque
336 825 490 891 amicitiam,
514 843 601 902 neque
619 818 703 882 ullam

82 933 142 986 rein
155 913 333 988 expetendam
348 908 473 986 consequi
491 909 633 986 polluimus.
668 929 702 968 ea

32 1012 33 1015 ’
81 1018 148 1056 vero
163 997 292 1072 negletla,
316 994 403 1072 quise
422 997 522 1054 amicos
539 997 636 1054 habere
654 1015 698 1052 at·

42 1097 46 1106 ·
80 1084 228 1150 bitrantur,
252 1101 309 1140 tom
333 1081 359 1146 se
381 1083 496 1158 deniqne
521 1081 615 1140 erraffe
638 1077 698 1139 sen·

79 1157 163 1234 tiunt,
187 1188 248 1236 cnm
266 1189 312 1226 eos
332 1169 419 1244 gravis
438 1167 535 1244 aliquis
553 1166 629 1226 casus
646 1187 713 1244 exj·

8 1247 9 1250 ¹
79 1255 163 1332 periri
176 1257 258 1328 cogit.
296 1243 423 1330 quocirca
442 1251 597 1330 (dicendum
614 1252 696 1312 este-

76 1335 136 1396 ,nim
161 1335 276 1416 saepitis)
300 1359 361 1396 cum
381 1341 697 1416 judicaverim-diligere

77 1441 203 1502 oportet:
218 1446 271 1484 non
283 1445 343 1482 cum
352 1426 490 1492 dilexeris,
501 1427 632 1501 jndicare.
648 1423 696 1484 sed

76 1531 140 1568 cum
164 1511 255 1568 multis
276 1513 303 1567 in
322 1513 403 1570 rebus
424 1511 584 1586 negligentia
600 1509 695 1588 plenti-

75 1617 151 1656 mnr:
167 1613 225 1652 tum
237 1597 354 1654 maxime
366 1597 393 1652 in
404 1599 495 1654 amicis
507 1613 534 1654 et
543 1597 693 1674 deligendis

71 1699 104 1758 et
131 1681 263 1742 colendis,
298 1681 472 1760 praeposteris
497 1684 567 1740 enim
590 1685 692 1743 dtimur

76 1765 201 1837 consiliis,
226 1784 254 1824 et
272 1773 331 1826 afta
344 1769 456 1846 agimus,
480 1771 555 1846 quod
568 1787 692 1830 vetamur

75 1856 160 1912 veteri
172 1855 324 1930 proverbio.
356 1876 418 1912 nam
432 1853 561 1932 implicati
575 1856 647 1916 ultro
662 1872 691 1916 et

75 1941 156 2007 citr0,
172 1939 272 1998 velnsu
284 1941 422 2008 diut'orno,
438 1941 480 1999 vel
491 1943 571 2000 etiam
583 1943 688 2012 officim,

76 2043 184 2102 repente
199 2027 226 2084 in
242 2027 329 2083 medio
345 2025 421 2097 eursu
436 2029 575 2098 amicitias,
593 2033 691 2087 e'xorta

30 2145 63 2188 23
75 2111 166 2188 aliqua
189 2107 339 2182 offensione,
362 2113 549 2190 dirumpimns.
603 2117 690 2213 Qo

74 2199 156 2258 etiam
172 2199 256 2272 magis
271 2199 446 2298 vituperanda
463 2199 500 2258 est
519 2200 556 2257 rei
571 2193 688 2260 maxime

74 2281 230 2342 necessariae
247 2300 322 2342 tanta
338 2285 450 2345 incuria.
488 2305 541 2343 una
544 2285 613 2344 est
616 2289 688 2346 enim

73 2361 189 2426 amicitia
203 2370 230 2426 in
246 2371 325 2428 rebus
340 2373 462 2428 humanis
477 2373 511 2429 de
522 2374 597 2449 cujus
613 2373 687 2430 utili-

74 2471 129 2542 tate
143 2475 240 2544 omnes
254 2477 307 2516 uno
323 2478 369 2516 ore
388 2456 571 2570 consentiunt·
600 2469 687 2574 qnan-¹
