1644 2760
121 136 184 212 156
321 143 555 200 sounrunr

114 241 231 302 vestrum
241 264 335 322 genus.
358 248 404 306 hic
414 264 504 306 autern
516 246 586 304 alter
602 245 747 325 subjectus

114 330 246 408 aquiloni,
258 353 339 412 quem
350 335 479 403 incolitis,
491 355 586 402 cerne‚·
600 355 687 412 quarn
701 353 744 394 te-

113 419 162 477 nui
174 439 221 478 vos
233 437 308 498 parte
323 421 470 499 contingat.
493 422 581 480 omnis
594 423 671 480 enim
685 439 742 480 ter·
761 439 764 448 ·

114 524 156 575 ra,
172 527 241 583 quae
255 508 354 567 colitur
369 529 384 568 a
398 511 485 577 vobis,
501 507 611 585 angusta
626 509 742 566 vertici·

113 592 175 661 bus,
187 593 314 654 lateribus
325 595 415 664 latior,
428 617 510 674 parta
519 597 656 674 quaedam
666 593 742 654 insu·
801 655 803 678 J

113 677 199 750 laest,
212 681 371 742 circumfusa
379 681 428 741 illo
436 683 515 751 mari,
528 684 604 759 quod
617 681 741 740 Atlanti·

113 787 187 838 cum,
200 771 274 846 quod
286 789 424 846 magnum,
440 790 521 847 quern
534 779 678 828 Oceanum
690 789 741 847 ap·

112 855 222 934 pellatia
230 857 257 916 in
267 859 357 916 terris:
371 858 418 937 qui
427 873 516 915 tamen
528 870 606 915 tanto
616 857 739 926 nomine,

112 963 195 1021 quarn
207 941 238 1002 fit
249 965 358 1023 parvus,
373 946 459 1004 vides.
481 965 518 1002 ex
529 945 571 1003 nis
581 942 642 1021 ipsiu
655 943 739 1002 cultis
801 1005 803 1008 ,

111 1030 236 1110 uotisque
253 1033 344 1100 terrie,
368 1051 432 1090 num
453 1048 500 1090 aut
519 1047 596 1090 tuum
618 1047 667 1089 aut
688 1051 738 1090 cu·

109 1116 236 1196 jusquam
251 1118 372 1178 nustrsun
391 1139 500 1188 nomen,
520 1119 564 1176 vel
584 1115 738 1178 Caucasum

112 1207 195 1274 hunc,
214 1227 295 1284 quem
310 1205 408 1276 cernis,
424 1207 617 1265 transceudere·
632 1207 739 1283 potuit,

112 1291 243 1352 velillum
257 1301 381 1372 Gangem
394 1292 553 1352 transnare?
577 1294 638 1370 quit
650 1294 678 1350 in
691 1313 737 1352 re·
800 1339 803 1364 ,a

18 1415 21 1426 ·
111 1378 194 1458 liquit
203 1382 325 1450 orientis,
341 1399 388 1440 aut
403 1382 526 1439 obeuntis
540 1378 603 1439 solis
618 1379 735 1450 ultimis,
800 1375 802 1388 ’

112 1485 160 1528 aut
175 1469 320 1548 aquilonia,
337 1468 450 1528 austrive
462 1470 581 1548 partibus
594 1485 670 1526 tuum
683 1489 735 1526 no·

111 1575 174 1614 men
184 1559 289 1618 audiet?
301 1559 398 1635 quibus
409 1549 563 1634 amputatis',
572 1556 659 1614 cernis
669 1577 735 1632 pro·

112 1641 196 1713 sesto,
212 1645 320 1723 quantis
331 1646 358 1703 in
372 1643 497 1722 augustiis
509 1643 595 1702 vestra
609 1641 734 1719 gloriase

112 1731 222 1791 dilatari
233 1731 310 1793 velit.
333 1730 379 1809 ipsa
389 1749 489 1798 autem,
502 1732 548 1810 qui
557 1731 592 1788 de
601 1731 682 1789 vobis·
690 1730 733 1788 lo·

110 1837 244 1898 quuntur,
266 1839 348 1896 quam
363 1818 509 1896 loquentur
522 1818 588 1876 diu?
657 1819 731 1895 Qin
751 1836 764 1874 t

112 1907 206 1974 etiam,
222 1903 241 1962 sr
252 1908 343 1983 cupiat
354 1905 443 1983 proles
455 1904 502 1963 illa
515 1903 667 1962 futurorum
680 1907 732 1963 ho·

112 1995 214 2054 minum
224 1993 350 2070 deinceps
362 1992 455 2052 laudes
468 1989 671 2067 uniuscujusque
681 2011 730 2050 no·

111 2079 196 2140 strum
211 2102 227 2139 a
241 2081 361 2156 patribus
373 2095 495 2156 acceptas
507 2077 616 2156 posteris
632 2081 730 2155 prode·

111 2185 159 2235 re;
182 2181 272 2224 tamen
286 2183 396 2243 propter
412 2165 549 2224 eluviones
565 2163 729 2224 exustiones·

110 2266 164 2320 que
172 2266 316 2318 terrarum,
329 2272 395 2328 quae
408 2253 530 2310 accidere
538 2264 659 2328 tempore
669 2271 729 2312 cer·

111 2341 142 2381 to
156 2333 256 2390 neeesse
270 2333 318 2403 ell,
339 2357 393 2393 non
408 2339 491 2394 modo
506 2357 559 2396 non
574 2355 727 2410 aeternam,

109 2405 157 2461 sed
171 2429 204 2465 ne
216 2417 372 2476 diuturnam
381 2423 490 2498 quidem
502 2424 617 2498 gloriam
630 2424 728 2504 assequi

34 2576 68 2583 ᾖ
87 2511 90 2516 “
107 2487 255 2562 PQffUmun
288 2502 355 2575 quid
368 2523 466 2585 'autern
484 2508 606 2580 interest,
627 2513 663 2572 ab
680 2513 725 2586 iis,
