1644 2760
124 108 184 170 150
319 95 553 169 soMNw'M
618 69 649 94 '¹

117 213 184 292 qui,
200 225 229 270 ut
239 209 336 289 primi),
350 211 462 293 impulsa
471 230 622 275 moveatur.
644 283 648 294 Δ
671 218 740 274 Cum
757 242 769 284 t

118 315 210 377 pateat
223 300 315 375 igitur,
334 318 471 362 aeternum
486 304 514 360 id
525 302 576 362 eise
591 303 668 380 quod
683 301 741 362 a'se

117 384 175 464 ipso
189 403 337 456 moveator,
359 390 419 466 quis
434 388 482 457 est,
506 391 554 467 qui
572 391 645 448 hanc
661 405 738 448 natu·
780 393 781 398 ’

118 493 177 532 ram
191 475 286 534 animis
301 473 351 534 effe
369 475 498 537 tributam
513 478 614 552 neget?
652 477 739 534 inani-

40 603 43 616 .
117 580 192 630 mum
203 559 240 622 est
252 563 323 621 enim
334 575 424 632 omne,
441 563 515 641 quod
529 562 606 641 pulsu
619 564 740 640 agitatur

117 665 249 710 externo:
274 650 349 728 quod
363 665 452 708 autem
465 651 562 710 animal
572 649 622 719 est,
639 637 673 708 ii
680 671 739 708 mo·

117 751 148 796 tu
162 738 247 798 cietur
258 737 396 805 interiore,
412 753 439 796 et
451 733 509 798 suo.
540 757 603 795 nam
618 741 688 796 haec
702 735 737 796 est

117 841 215 884 natura
228 826 337 904 propria
350 825 464 893 animae,
480 841 561 903 atque
576 826 629 885 vis.
668 845 737 904 quae

116 911 135 972 fi
146 911 183 973 est
195 931 249 972 una
261 933 299 972 ex
311 905 446 980 omnibus,
462 933 531 990 quae
544 909 598 970 sese
608 928 734 972 moveat:
771 974 776 982 ,

117 1021 205 1081 neque
214 1016 277 1059 nata
286 1000 414 1068 estcerte,
430 1015 457 1057 et
467 997 636 1069 aeternaest.
668 1001 738 1058 hane

118 1104 149 1148 tu
166 1107 264 1150 exerce
280 1088 309 1150 in
324 1087 431 1166 optimis
447 1087 537 1147 rebus.
568 1084 737 1146 fumantem

117 1178 235 1258 optimae
246 1195 337 1244 curae,
355 1176 389 1234 de
398 1172 483 1234 salute
492 1174 611 1251 patriae:
637 1175 736 1252 quibus

117 1267 272 1344 agitatuset
283 1264 447 1340 exercitatus
462 1261 566 1322 animus
578 1259 698 1320 velocius
709 1263 736 1320 in

117 1355 188 1414 hanc
204 1351 293 1412 sedem
307 1368 337 1412 et
351 1351 462 1411 domum
476 1347 550 1412 suam
565 1347 734 1428 pervolabit:

117 1443 199 1520 idque
214 1461 297 1518 ocyus
313 1438 404 1510 facietj
422 1435 505 1516 fijam
520 1453 591 1511 tum,
609 1457 671 1499 cum
686 1437 737 1494 erit

117 1527 235 1590 inclusus
247 1529 274 1586 in
286 1547 410 1605 corpore,
419 1525 547 1585 eminebit
558 1523 646 1594 foris,
657 1538 686 1582 et
694 1543 736 1593 ea,

67 1663 94 1698 v.
117 1637 188 1698 quae
211 1629 402 1684 extractum,
433 1610 628 1689 contemplans,
656 1631 759 1690 quam*

117 1694 237 1766 maixime
249 1701 277 1762 se
292 1723 308 1761 a
323 1721 437 1778 corpore
450 1697 597 1770 abstrahet.
620 1718 737 1778 nemque

118 1811 212 1854 eorum
231 1789 324 1860 animi,
342 1789 389 1866 qui
406 1787 433 1845 se
451 1786 571 1864 corporis
589 1783 736 1862 voluptati·

119 1881 169 1943 bus
184 1877 356 1945 dediderunt,
375 1893 520 1952 earumque
535 1870 561 1931 se
573 1868 645 1950 quast
655 1871 735 1930 mini·

119 1966 186 2032 stros
201 1965 393 2045 praebuerunt,
411 1957 578 2039 impulsuque
596 1957 735 2019 libidinum

118 2052 301 2133 voluptatibus
313 2049 505 2126 obedientium3
519 2049 631 2106 deorum
643 2062 671 2104 et
683 2048 733 2105 ho-

119 2141 303 2216 minuunjura
322 2136 506 2194 violaverunt:
531 2133 685 2211 corporibus
703 2153 744 2192 e·-

118 2224 182 2298 lapfi
206 2225 307 2280 circum
325 2237 426 2278 terram
450 2219 534 2297 ipsam
557 2219 727 2292 volutantut;

117 2325 167 2360 nec
184 2309 255 2361 hunc
272 2305 298 2360 in
313 2305 419 2375 locunt,·
432 2303 479 2362 nifi
493 2303 585 2364 multis
603 2306 730 2382 exagitati

115 2383 226 2452 secum,
244 2403 425 2448 revertuntur.
471 2388 518 2449 ille
532 2387 658 2452 disceffitt
680 2411 729 2470 ego

51 2480 82 2512 ι
114 2461 207 2522 somno
221 2463 323 2525 solutus
335 2469 412 2533 sum..
