1654 2758
182 164 255 221 ,1)Ἐ
279 157 600 219 SENECTUTE.
673 171 710 232 53

92 269 161 338 deni,
170 267 198 324 ni
211 267 250 325 ita
262 263 288 324 se
298 265 420 332 haberet,
435 278 467 320 ot
481 261 562 319 animi
572 260 714 318 immorta-

24 361 29 368 '
82 354 134 414 les
148 353 240 423 elsent,
262 353 335 412 haud
350 351 451 430 optime
465 345 596 426 cujusque
610 346 715 403 animos

82 442 214 500 ,maxime
233 441 268 498 ad
284 435 465 496 immortalem
482 434 596 513 gloriam
614 433 715 492 nitere-

14 569 17 574 ·
81 544 154 588 rtur.
192 527 269 606 quid,
294 520 369 602 quod
389 521 586 602 sapientiffimoa
604 517 717 598 quisque

13 627 17 644 ‘
83 613 249 695 ·aequiffimo
258 613 348 671 animo
356 612 480 678 moritur,
496 606 656 668 stultillimu's
666 607 718 664 ini·

83 700 238 780 quillioto?
266 704 359 758 'nonne
371 697 458 755 'robis
474 697 589 754 ridetur
611 694 717 753 animoa

84 789 130 856 ia,
150 788 196 866 qui
211 786 272 864 plus
284 801 376 845 cernat
390 801 418 842 et
431 784 552 859 longius,
563 781 671 850 ¹videre,
690 779 718 840 se

95 877 132 934 ad
147 873 260 934 meliora
278 869 426 950 proficiscit
450 869 497 929 ille
514 886 615 938 autem,
639 870 719 947 cujus
765 927 781 939 ,

83 957 261 1020 ‚obtoliorlit
276 961 357 1027 acies,
375 977 430 1016 non
447 957 559 1016 videre?
592 955 719 1034 equidem

85 1048 200 1107 ⁴ell'erot·
211 1046 297 1105 studio
316 1063 405 1123 patrea
421 1042 535 1112 vestros,
559 1063 628 1121 quos
645 1042 719 1101 colui

37 1181 40 1188 r
83 1151 128 1194 .et
138 1133 234 1202 dilexi,
250 1134 375 1205 videndi;
393 1151 480 1209 neque
493 1150 559 1189 tero
574 1150 620 1194 eos
631 1129 720 1189 solum

82 1222 241 1302 ·convenire
258 1240 337 1291 aveo,
358 1239 427 1298 quos
445 1216 499 1296 ipse
517 1217 647 1294 cognovi;
672 1214 720 1276 sed

94 1308 161 1367 illos
176 1309 267 1376 etiam,
287 1305 548 1385 dequibusaudiri,
570 1303 675 1382 et'legi,
691 1319 720 1363 et

95 1393 153 1474 ipse
167 1392 316 1472 conscripsi.
346 1389 525 1472 quiquidem
540 1413 583 1450 me
598 1389 717 1470 proficis·
741 1413 744 1424 ⁴
796 1447 798 1456 ,

95 1498 203 1541 centem
217 1483 290 1539 haod
308 1479 370 1540 sane
388 1481 448 1558 quie
464 1479 551 1542 facile,
561 1480 718 1550 retraxerit,

88 1589 165 1628 meve
174 1584 305 1645 tanquam
314 1567 414 1626 Peliam
426 1567 562 1626 tecoxerit
571 1589 585 1625 a·
593 1565 647 1626 etsi
657 1567 719 1644 quia

95 1657 165 1713 deus
177 1655 243 1712 mihi
254 1652 394 1730 largiatur,
415 1669 447 1712 ut
461 1673 498 1712 ex
512 1657 564 1712 hac
575 1669 663 1712 aetate
676 1673 719 1714 re·

30 1767 32 1772 ·
90 1738 264 1820 ‹pueraseam
279 1757 307 1800 et
320 1742 347 1798 in
359 1741 435 1799 cunia
449 1741 566 1818 vagiam,
586 1739 663 1802 valde
676 1759 719 1799 re·

92 1826 204 1888 cusam:
218 1847 268 1886 nec
276 1849 341 1888 vero
351 1827 443 1896 velim,
455 1825 527 1905 quali
537 1827 648 1890 decurso
659 1826 719 1906 spa·

94 1917 148 1985 tio,
164 1915 200 1974 ad
209 1935 331 1974 carcereo
345 1914 445 1974 acalce
457 1917 587 1989 revocari.
613 1916 680 1993 quid
689 1936 719 1976 e·

96 2003 155 2062 nim
168 2003 252 2060 habet
266 2005 322 2061 vita
337 2003 493 2062 commodi?
519 2003 588 2080 quid
600 2022 654 2063 non
669 2022 720 2080 po·

97 2090 153 2148 tior
162 2088 284 2148 laboris?
302 2087 348 2149 sed
360 2090 459 2148 habeat
470 2086 549 2148 sanet
566 2089 651 2147 habet
660 2109 720 2149 cer·

9 2231 26 2252 1,
97 2192 127 2235 te
148 2191 250 2244 tamen,
274 2192 322 2235 aut
342 2174 502 2244 satietatem,
528 2191 575 2233 aut
597 2176 720 2236 modum.

9 2279 15 2292 ·
98 2283 154 2322 nou
179 2261 246 2320 libet
269 2263 341 2320 enim
366 2263 433 2320 mihi
458 2261 601 2340 deplorare
625 2265 720 2333 vitam,

99 2350 174 2429 quod
192 2347 282 2419 molti,
305 2350 370 2408 etii
387 2350 470 2420 dotti,
491 2347 569 2426 saepe
586 2347 721 2411 fecerunt.

99 2455 151 2496 oec
164 2455 207 2502 me
219 2434 314 2496 vixisse
327 2435 466 2514 poenitet:
490 2436 617 2514 quoniam
631 2438 670 2496 ita
681 2438 735 2512 vig

101 2524 143 2596 xi,
163 2537 195 2582 ut
208 2541 264 2584 ooo
278 2521 378 2584 frustra
392 2542 435 2582 me
450 2539 544 2596 natum
555 2521 720 2588 exffiimme

380 2613 403 2668 C
429 2625 446 2690 3
589 2607 593 2617 “

773 2578 800 2607 A
816 2575 818 2606 l
