1644 2760
103 103 167 196 ιμ’
290 120 525 180 sommum

98 237 198 284 natura
211 219 275 293 fert,
299 241 330 284 ut
347 241 471 287 extrema
488 223 628 286 exaltem
644 240 728 304 parte
791 215 794 220 ¹

98 311 229 390 graviter,
252 332 296 371 ex.
306 311 393 374 altera
410 331 500 373 autem
517 329 596 372 acute
614 311 725 378 sonent.

97 397 726 476 quamobqausamsnmmunillecaelistellife·

97 485 124 544 ti
134 485 237 556 cursus,
252 489 331 567 cujus
345 488 481 548 converfio
495 483 532 548 est
547 489 724 569 connitatior,

97 588 181 636 acuto
195 590 223 634 et
234 576 357 635 excitato
369 593 491 636 movetur
502 574 567 635 sono
577 599 585 634 ε
601 573 726 654 graviffi·

28 651 41 666 ⁵
98 680 147 721 mo
158 679 247 723 autem
259 665 304 723 hic
312 662 414 723 lunaris
423 681 506 743 atque
514 662 635 724 infimus.
657 683 726 722 nam
801 657 804 700 4

98 761 184 819 terra,
206 771 287 821 nona,
302 750 450 812 immobilis
462 772 585 820 manens,
605 751 664 809 ima
682 747 726 810 se·

97 835 633 918 desemperhneret,complexamedium
642 857 726 896 mun·

98 923 238 990 dilocum.
254 925 295 984 illi
304 943 394 988 autem
404 924 613 995 ostncursnmn
623 925 726 1002 quibus

98 1013 194 1073 eadem
213 1014 255 1074 vis
275 1012 313 1074 est
332 1015 461 1084 duorum,
482 1012 583 1093 septem
600 1011 725 1072 efficiunt

98 1099 236 1160 diffluens
259 1101 410 1162 intervallis
434 1100 529 1162 sononn
554 1100 601 1180 qui
625 1119 724 1158 nume·

98 1205 146 1248 tus
162 1209 253 1248 rerum
267 1188 457 1250 omnium‘fete
471 1189 559 1248 nodus
573 1186 622 1248 est.
645 1187 726 1265 quod

98 1275 172 1336 doni
186 1277 309 1336 homines
324 1278 413 1337 nervis
429 1277 538 1344 imitati,
558 1292 641 1354 atque
655 1293 724 1334 can·

99 1362 183 1436 tibus,
205 1385 334 1444 aperuere
352 1362 398 1422 fibi
414 1365 532 1424 reditum
547 1364 576 1422 in
590 1365 664 1421 hunc
678 1359 724 1420 lo·
802 1377 804 1390 “

97 1469 172 1512 cnm:
185 1451 252 1512 ficut
261 1451 317 1522 alii,
330 1452 376 1531 qni
388 1449 584 1531 praestantibun
595 1449 725 1528 ingeniis,

97 1537 126 1598 in
142 1541 198 1600 vita
211 1542 340 1612 hnmana,
361 1541 454 1604 divina
468 1538 554 1600 studia
568 1537 726 1604 coluerunt.

98 1627 153 1688 hoc
167 1625 256 1688 sonitu
273 1627 399 1706 oppletae
416 1649 495 1688 aures
512 1627 653 1686 hominum
670 1626 724 1684 ob·

99 1711 279 1778 surduernnt:
304 1736 354 1776 nec
364 1713 402 1774 est
413 1715 485 1774 nllus
496 1715 620 1774 hebetior
630 1711 724 1778 sensus

98 1801 128 1862 in
138 1803 234 1862 vobis:
251 1801 317 1863 ficut
326 1804 371 1863 ubi
381 1803 459 1864 Nilus
467 1804 503 1864 ad
511 1801 568 1872 illa,
583 1817 654 1881 quae
666 1806 724 1860 Ca·

99 1891 202 1968 tadupa
216 1891 401 1961 nominantur,
418 1892 578 1970 praecipitat
593 1909 631 1948 ex
645 1885 724 1948 altis-

100 1974 172 2039 fimis
187 1979 336 2047 montibus,
357 1999 390 2038 ea
404 1999 481 2056 gens,
502 1998 571 2057 quae
585 1975 663 2036 illum
678 1974 724 2034 lo·

98 2085 162 2128 cum
174 2063 283 2136 accolit,
298 2082 409 2144 propter
423 2066 635 2144 magnitudinem
648 2061 724 2122 soni-

97 2168 155 2222 tus,
170 2152 247 2214 sensu
260 2154 389 2212 audiendi
403 2170 487 2214 caret.
521 2154 566 2212 hic
580 2171 645 2212 vern
659 2166 725 2212 tan·

98 2251 144 2298 tun
159 2235 196 2298 est
211 2238 295 2298 totius
309 2241 404 2298 mundi
418 2239 594 2302 incitatiffima
607 2257 725 2300 conver·

100 2318 172 2378 fione
183 2321 296 2393 sonitus,
312 2340 343 2382 ut
354 2332 416 2386 eun'n
427 2347 505 2388 aures
520 2323 661 2386 hominurn'
676 2345 726 2390 ca·

100 2423 166 2480 pere
180 2423 234 2464 non
248 2408 358 2482 poffint:
382 2410 447 2471 ficut
462 2415 561 2474 intueri
575 2411 662 2474 solem
673 2415 725 2476 ad·

29 2477 51 2530 ⁸
100 2483 206 2548 versum
220 2494 346 2572 nequitis,
366 2497 477 2577 ejusque
492 2501 574 2562 radiis
589 2501 661 2564 acies
675 2522 728 2564 ve·
