1644 2760
276 141 538 224 semotus.
651 150 710 209 155

95 242 146 305 llra
159 239 299 323 sensusque
312 225 438 303 vincitur.
476 245 542 301 haec
557 259 608 318 ego
623 238 710 299 admi·

97 351 166 400 rans,
185 330 333 392 referebam
347 348 438 392 tamen
452 329 545 389 oculos
560 329 596 386 ad
610 342 712 384 terram

66 418 253 480 tidentidem.
331 425 407 478 Tum
432 417 589 486 Africanus,
615 411 713 483 sentio,

95 506 193 584 inquit,
207 522 235 565 te
246 504 335 566 sedem
346 507 428 566 etiam
441 526 513 566 nunc
527 503 666 562 hominum
680 519 714 562 ac

96 595 205 654 domum
217 593 412 671 contemplati:
437 613 507 672 quae
520 590 539 650 fi
553 591 603 650 tibi
618 608 711 668 parva,

96 697 127 740 ut
140 679 187 750 est,
205 682 244 741 ita
258 682 375 751 videtur,
392 683 460 742 haec
474 677 596 740 caelestia
608 674 713 755 semper

95 766 229 848 spectato:
245 768 294 828 illa
307 772 427 828 humana
438 767 614 828 contemnito.
638 781 667 824 tu
682 784 714 824 e·

95 856 253 935 nimquam
273 855 458 918 celebritatem
478 854 607 914 sermonis
623 851 712 912 homi·

94 963 170 1012 uum,
186 960 233 1002 aut
242 965 323 1022 quam
332 945 512 1022 expetendam
523 942 637 1020 gloriam
647 959 712 1000 cou-
741 942 743 946 ’
776 943 780 967 ’

94 1029 170 1109 sequi
185 1033 283 1108 poteri
300 1033 376 1090 vides
390 1032 506 1091 habitari
516 1033 543 1089 in
558 1047 631 1090 terra
645 1028 715 1092 raris
750 1061 752 1066 ¹

93 1133 122 1176 et
134 1117 250 1195 augustis
261 1118 289 1176 in
298 1118 383 1179 locis:
398 1135 425 1178 et
434 1120 461 1176 in
471 1117 530 1198 ipss
540 1113 613 1196 quast
622 1135 713 1176 macu-

92 1204 139 1275 lis,
162 1205 208 1264 ubi
222 1206 371 1276 habitatur,
395 1205 481 1266 vastas
499 1203 655 1264 solitudines
670 1203 713 1264 in·

92 1293 236 1370 terjedlas:
261 1292 373 1373 hosque,
395 1295 442 1372 qui
459 1293 582 1354 incolunt
601 1307 712 1360 terram,

92 1399 148 1440 nou
169 1382 252 1440 modo
272 1382 438 1459 interruptor
458 1381 497 1440 ita
513 1380 575 1449 else,
596 1395 627 1439 ut
645 1378 713 1442 nihil

81 1468 164 1552 ¹iuter
174 1467 244 1546 ipsos
256 1471 290 1528 ab
302 1469 361 1528 aliis
373 1470 408 1527 ad
419 1467 486 1528 alios
498 1489 606 1528 manure
617 1466 711 1544 poffitt

89 1553 137 1614 sed
148 1556 247 1634 partim
259 1555 396 1635 obliquos,
408 1557 507 1635 partim
517 1553 635 1623 aversos,
647 1575 710 1634 par·

88 1642 140 1702 tim
152 1643 233 1702 etiam
245 1641 371 1704 adversos
382 1643 450 1704 slare
462 1644 555 1704 vobis:
581 1663 598 1704 a
611 1643 711 1720 quibua

90 1733 234 1808 expectare
249 1729 363 1808 gloriam
381 1747 454 1792 certe
472 1730 574 1792 nullam
589 1728 710 1808 potestis.

88 1819 178 1878 cernis
197 1835 287 1878 autem
301 1819 414 1878 eandem
428 1833 540 1888 terram,
562 1815 635 1896 quasi
649 1819 711 1896 qui·

88 1903 202 1965 busdam
223 1907 376 1964 redimitam
393 1921 422 1966 et
441 1907 635 1966 circumdatam
652 1906 710 1966 cin·

88 1993 179 2070 gulis:
198 2013 214 2052 e
225 1993 325 2074 quibua
337 1993 406 2054 duos
418 1993 536 2054 maxime
548 1993 619 2052 iuter
629 1991 656 2052 sc
667 1994 711 2054 di·

60 2074 62 2084 '
87 2078 191 2149 rersoa‚
201 2078 308 2140 etcaeli
317 2081 463 2142 verticibus
475 2080 534 2158 ipsit
545 2100 583 2142 cx
595 2095 711 2159 utraque
736 2123 742 2129 ,

86 2185 166 2248 parte
183 2166 324 2237 subnixos,
345 2167 485 2246 obriguisse
503 2168 600 2249 pruina
613 2167 709 2229 uidear
796 2213 801 2220 ι

85 2257 208 2316 medium
220 2273 309 2318 autem
321 2256 408 2325 illum,
427 2273 455 2316 et
467 2257 627 2324 maximum,
646 2254 709 2318 solit

85 2345 187 2410 ardore
196 2344 307 2406 torreri.
323 2345 379 2403 duo
388 2343 447 2404 sunt
456 2342 628 2406 habitabiles:
640 2363 709 2422 quo·

84 2452 147 2492 rum
166 2430 288 2492 australis
308 2430 365 2500 ille,
386 2432 414 2490 in
435 2452 491 2510 quo
509 2431 556 2510 qui
578 2429 708 2504 insistunt,

82 2518 198 2581 adversa
218 2520 295 2582 tobia
314 2536 411 2598 urgent
431 2518 550 2598 vestigia.
584 2520 651 2582 nihil
674 2522 709 2582 ad
765 2565 796 2648 Δ
