<?xml version="1.0" encoding="UTF-8"?>
<!DOCTYPE html PUBLIC "-//W3C//DTD XHTML 1.0 Transitional//EN"
    "http://www.w3.org/TR/xhtml1/DTD/xhtml1-transitional.dtd">
<html xmlns="http://www.w3.org/1999/xhtml" xml:lang="en" lang="en">
 <head>
  <title>
</title>
<meta http-equiv="Content-Type" content="text/html;charset=utf-8" />
  <meta name='ocr-system' content='tesseract 3.04.00' />
  <meta name='ocr-capabilities' content='ocr_page ocr_carea ocr_par ocr_line ocrx_word'/>
</head>
<body>
  <div class='ocr_page' id='page_1' title='image "./mtciceroniscato01cicegoog_0135.png"; bbox 0 0 1644 2760; ppageno 0'>
   <div class='ocr_carea' id='block_1_1' title="bbox 104 79 737 300">
    <p class='ocr_par' dir='ltr' id='par_1_1' title="bbox 104 79 737 300">
     <span class='ocr_line' id='line_1_1' title="bbox 258 79 734 200; baseline 0.004 -20"><span class='ocrx_word' id='word_1_1' title='bbox 258 79 558 181; x_wconf 68' lang='lat' dir='ltr'>nnnnnoxn.</span> <span class='ocrx_word' id='word_1_2' title='bbox 659 101 734 200; x_wconf 55' lang='lat' dir='ltr'>bn</span> 
     </span>
     <span class='ocr_line' id='line_1_2' title="bbox 104 217 737 300; baseline -0.003 -20"><span class='ocrx_word' id='word_1_3' title='bbox 104 218 161 280; x_wconf 81' lang='lat' dir='ltr'>fimi</span> <span class='ocrx_word' id='word_1_4' title='bbox 175 217 322 280; x_wconf 81' lang='lat' dir='ltr'>senserint?</span> <span class='ocrx_word' id='word_1_5' title='bbox 346 219 501 300; x_wconf 84' lang='lat' dir='ltr'>praesertim</span> <span class='ocrx_word' id='word_1_6' title='bbox 516 239 578 278; x_wconf 87' lang='lat' dir='ltr'>cum</span> <span class='ocrx_word' id='word_1_7' title='bbox 594 219 647 277; x_wconf 85' lang='lat' dir='ltr'>hac</span> <span class='ocrx_word' id='word_1_8' title='bbox 663 219 737 278; x_wconf 84' lang='lat' dir='ltr'>sen·¹</span> 
     </span>
    </p>
   </div>
   <div class='ocr_carea' id='block_1_2' title="bbox 103 305 724 375">
    <p class='ocr_par' dir='ltr' id='par_1_2' title="bbox 103 305 724 375">
     <span class='ocr_line' id='line_1_3' title="bbox 103 305 724 375; baseline -0.002 -8"><span class='ocrx_word' id='word_1_9' title='bbox 103 310 190 368; x_wconf 88' lang='lat' dir='ltr'>tentia</span> <span class='ocrx_word' id='word_1_10' title='bbox 212 330 266 368; x_wconf 87' lang='lat' dir='ltr'>non</span> <span class='ocrx_word' id='word_1_11' title='bbox 284 311 367 370; x_wconf 84' lang='lat' dir='ltr'><strong>modo</strong></span> <span class='ocrx_word' id='word_1_12' title='bbox 385 309 484 375; x_wconf 80' lang='lat' dir='ltr'>venor,</span> <span class='ocrx_word' id='word_1_13' title='bbox 496 305 555 368; x_wconf 57' lang='lat' dir='ltr'>ised</span> <span class='ocrx_word' id='word_1_14' title='bbox 575 325 608 368; x_wconf 81' lang='lat' dir='ltr'>ne</span> <span class='ocrx_word' id='word_1_15' title='bbox 628 305 724 366; x_wconf 78' lang='lat' dir='ltr'>utilior</span> 
     </span>
    </p>
   </div>
   <div class='ocr_carea' id='block_1_3' title="bbox 103 381 738 477">
    <p class='ocr_par' dir='ltr' id='par_1_3' title="bbox 103 381 738 477">
     <span class='ocr_line' id='line_1_4' title="bbox 103 381 738 477; baseline -0.003 -23"><span class='ocrx_word' id='word_1_16' title='bbox 103 397 215 474; x_wconf 86' lang='lat' dir='ltr'>quidem</span> <span class='ocrx_word' id='word_1_17' title='bbox 229 399 368 456; x_wconf 80' lang='lat' dir='ltr'>hominum</span> <span class='ocrx_word' id='word_1_18' title='bbox 382 397 452 456; x_wconf 83' lang='lat' dir='ltr'>vitae</span> <span class='ocrx_word' id='word_1_19' title='bbox 468 381 579 473; x_wconf 64' lang='lat' dir='ltr'>reineriri</span> <span class='ocrx_word' id='word_1_20' title='bbox 593 391 650 452; x_wconf 83' lang='lat' dir='ltr'>ulla</span> <span class='ocrx_word' id='word_1_21' title='bbox 660 385 738 477; x_wconf 30' lang='lat' dir='ltr'>pois(</span> 
     </span>
    </p>
   </div>
   <div class='ocr_carea' id='block_1_4' title="bbox 101 481 724 648">
    <p class='ocr_par' dir='ltr' id='par_1_4' title="bbox 101 481 724 648">
     <span class='ocr_line' id='line_1_5' title="bbox 102 481 724 561; baseline 0 -21"><span class='ocrx_word' id='word_1_22' title='bbox 102 482 146 544; x_wconf 85' lang='lat' dir='ltr'>fit.</span> <span class='ocrx_word' id='word_1_23' title='bbox 169 487 293 561; x_wconf 83' lang='lat' dir='ltr'>quae&#39;vis</span> <span class='ocrx_word' id='word_1_24' title='bbox 307 487 378 542; x_wconf 88' lang='lat' dir='ltr'>enim</span> <span class='ocrx_word' id='word_1_25' title='bbox 390 482 437 550; x_wconf 79' lang='grc' dir='ltr'><strong>ιιΩ,</strong></span> <span class='ocrx_word' id='word_1_26' title='bbox 453 503 522 560; x_wconf 85' lang='lat' dir='ltr'>quae</span> <span class='ocrx_word' id='word_1_27' title='bbox 534 481 617 558; x_wconf 83' lang='lat' dir='ltr'>magis</span> <span class='ocrx_word' id='word_1_28' title='bbox 629 495 724 540; x_wconf 84' lang='lat' dir='ltr'>arceat</span> 
     </span>
     <span class='ocr_line' id='line_1_6' title="bbox 101 565 722 648; baseline -0.005 -20"><span class='ocrx_word' id='word_1_29' title='bbox 101 572 226 642; x_wconf 84' lang='lat' dir='ltr'>homines</span> <span class='ocrx_word' id='word_1_30' title='bbox 246 572 475 648; x_wconf 61' lang='lat' dir='ltr'>qbnmprobitate</span> <span class='ocrx_word' id='word_1_31' title='bbox 490 571 575 637; x_wconf 89' lang='lat' dir='ltr'>omni,</span> <span class='ocrx_word' id='word_1_32' title='bbox 598 588 680 646; x_wconf 88' lang='lat' dir='ltr'>quam</span> <span class='ocrx_word' id='word_1_33' title='bbox 701 565 722 626; x_wconf 83' lang='lat' dir='ltr'>fi</span> 
     </span>
    </p>
   </div>
   <div class='ocr_carea' id='block_1_5' title="bbox 102 652 733 724">
    <p class='ocr_par' dir='ltr' id='par_1_5' title="bbox 102 652 733 724">
     <span class='ocr_line' id='line_1_7' title="bbox 102 652 733 724; baseline -0.008 -8"><span class='ocrx_word' id='word_1_34' title='bbox 102 655 241 724; x_wconf 86' lang='lat' dir='ltr'>senserint,</span> <span class='ocrx_word' id='word_1_35' title='bbox 262 659 366 716; x_wconf 88' lang='lat' dir='ltr'>nullum</span> <span class='ocrx_word' id='word_1_36' title='bbox 387 659 413 716; x_wconf 88' lang='lat' dir='ltr'>in</span> <span class='ocrx_word' id='word_1_37' title='bbox 434 657 538 716; x_wconf 74' lang='lat' dir='ltr'>delictis</span> <span class='ocrx_word' id='word_1_38' title='bbox 557 653 608 714; x_wconf 82' lang='lat' dir='ltr'>effe</span> <span class='ocrx_word' id='word_1_39' title='bbox 624 652 733 714; x_wconf 78' lang='lat' dir='ltr'>distri--</span> 
     </span>
    </p>
   </div>
   <div class='ocr_carea' id='block_1_6' title="bbox 100 739 722 995">
    <p class='ocr_par' dir='ltr' id='par_1_6' title="bbox 100 739 722 995">
     <span class='ocr_line' id='line_1_8' title="bbox 101 739 721 822; baseline 0 -20"><span class='ocrx_word' id='word_1_40' title='bbox 101 747 185 802; x_wconf 86' lang='lat' dir='ltr'>men?</span> <span class='ocrx_word' id='word_1_41' title='bbox 207 765 292 822; x_wconf 85' lang='lat' dir='ltr'>aeque</span> <span class='ocrx_word' id='word_1_42' title='bbox 308 765 417 822; x_wconf 87' lang='lat' dir='ltr'>peccare</span> <span class='ocrx_word' id='word_1_43' title='bbox 431 741 469 812; x_wconf 88' lang='lat' dir='ltr'>se,</span> <span class='ocrx_word' id='word_1_44' title='bbox 485 741 503 800; x_wconf 76' lang='lat' dir='ltr'>si</span> <span class='ocrx_word' id='word_1_45' title='bbox 517 743 638 822; x_wconf 80' lang='lat' dir='ltr'>privatis,</span> <span class='ocrx_word' id='word_1_46' title='bbox 654 739 721 802; x_wconf 81' lang='lat' dir='ltr'>acfi</span> 
     </span>
     <span class='ocr_line' id='line_1_9' title="bbox 100 829 722 908; baseline 0 -20"><span class='ocrx_word' id='word_1_47' title='bbox 100 830 298 908; x_wconf 79' lang='lat' dir='ltr'>magistratibus</span> <span class='ocrx_word' id='word_1_48' title='bbox 308 852 401 890; x_wconf 84' lang='lat' dir='ltr'>manus</span> <span class='ocrx_word' id='word_1_49' title='bbox 412 829 543 890; x_wconf 85' lang='lat' dir='ltr'>afferant?</span> <span class='ocrx_word' id='word_1_50' title='bbox 561 849 722 906; x_wconf 86' lang='lat' dir='ltr'>quamcum-</span> 
     </span>
     <span class='ocr_line' id='line_1_10' title="bbox 100 917 719 995; baseline 0 -19"><span class='ocrx_word' id='word_1_51' title='bbox 100 921 197 995; x_wconf 87' lang='lat' dir='ltr'>quein</span> <span class='ocrx_word' id='word_1_52' title='bbox 214 921 325 976; x_wconf 86' lang='lat' dir='ltr'>domum</span> <span class='ocrx_word' id='word_1_53' title='bbox 342 917 460 995; x_wconf 84' lang='grc' dir='ltr'><strong>Ωιιριιιιιι</strong></span> <span class='ocrx_word' id='word_1_54' title='bbox 478 917 628 985; x_wconf 82' lang='lat' dir='ltr'><strong>intulerint,</strong></span> <span class='ocrx_word' id='word_1_55' title='bbox 653 938 719 976; x_wconf 84' lang='lat' dir='ltr'>ean·</span> 
     </span>
    </p>
   </div>
   <div class='ocr_carea' id='block_1_7' title="bbox 99 1003 729 1088">
    <p class='ocr_par' dir='ltr' id='par_1_7' title="bbox 99 1003 729 1088">
     <span class='ocr_line' id='line_1_11' title="bbox 99 1003 729 1088; baseline 0 -26"><span class='ocrx_word' id='word_1_56' title='bbox 99 1005 164 1063; x_wconf 81' lang='lat' dir='ltr'>dem</span> <span class='ocrx_word' id='word_1_57' title='bbox 172 1005 224 1063; x_wconf 83' lang='lat' dir='ltr'>effe</span> <span class='ocrx_word' id='word_1_58' title='bbox 232 1005 320 1066; x_wconf 86' lang='lat' dir='ltr'>labem</span> <span class='ocrx_word' id='word_1_59' title='bbox 331 1004 463 1088; x_wconf 72' lang='lat' dir='ltr'>libidinis?</span> <span class='ocrx_word' id='word_1_60' title='bbox 475 1003 591 1062; x_wconf 87' lang='lat' dir='ltr'>nihilne</span> <span class='ocrx_word' id='word_1_61' title='bbox 585 1005 721 1086; x_wconf 69' lang='lat' dir='ltr'>iginnrin·</span> <span class='ocrx_word' id='word_1_62' title='bbox 724 1043 729 1048; x_wconf 92' lang='lat'>-</span> 
     </span>
    </p>
   </div>
   <div class='ocr_carea' id='block_1_8' title="bbox 83 1088 720 1170">
    <p class='ocr_par' dir='ltr' id='par_1_8' title="bbox 83 1088 720 1170">
     <span class='ocr_line' id='line_1_12' title="bbox 83 1088 720 1170; baseline 0.003 -22"><span class='ocrx_word' id='word_1_63' title='bbox 83 1088 179 1150; x_wconf 78' lang='lat' dir='ltr'>&#39;terest</span> <span class='ocrx_word' id='word_1_64' title='bbox 190 1090 265 1169; x_wconf 82' lang='lat' dir='ltr'>(nam</span> <span class='ocrx_word' id='word_1_65' title='bbox 274 1096 325 1150; x_wconf 85' lang='lat' dir='ltr'>hoc</span> <span class='ocrx_word' id='word_1_66' title='bbox 333 1093 406 1150; x_wconf 88' lang='lat' dir='ltr'>dicet</span> <span class='ocrx_word' id='word_1_67' title='bbox 415 1091 527 1170; x_wconf 82' lang='lat' dir='ltr'>aliquis)</span> <span class='ocrx_word' id='word_1_68' title='bbox 540 1107 644 1168; x_wconf 86' lang='lat' dir='ltr'>patrem</span> <span class='ocrx_word' id='word_1_69' title='bbox 654 1093 720 1169; x_wconf 78' lang='lat' dir='ltr'>quis</span> 
     </span>
    </p>
   </div>
   <div class='ocr_carea' id='block_1_9' title="bbox 7 1175 812 1262">
    <p class='ocr_par' dir='ltr' id='par_1_9' title="bbox 7 1175 812 1262">
     <span class='ocr_line' id='line_1_13' title="bbox 7 1175 812 1262; baseline 0.002 -26"><span class='ocrx_word' id='word_1_70' title='bbox 7 1256 11 1262; x_wconf 28' lang='grc'>1</span> <span class='ocrx_word' id='word_1_71' title='bbox 96 1195 202 1246; x_wconf 86' lang='lat' dir='ltr'>enecet,</span> <span class='ocrx_word' id='word_1_72' title='bbox 225 1199 259 1238; x_wconf 86' lang='lat' dir='ltr'>an</span> <span class='ocrx_word' id='word_1_73' title='bbox 280 1177 404 1238; x_wconf 82' lang='lat' dir='ltr'>servum?</span> <span class='ocrx_word' id='word_1_74' title='bbox 430 1180 502 1236; x_wconf 87' lang='lat' dir='ltr'>nuda</span> <span class='ocrx_word' id='word_1_75' title='bbox 515 1177 563 1236; x_wconf 86' lang='lat' dir='ltr'>ista</span> <span class='ocrx_word' id='word_1_76' title='bbox 581 1175 600 1235; x_wconf 85' lang='grc' dir='ltr'><strong>Ω</strong></span> <span class='ocrx_word' id='word_1_77' title='bbox 620 1199 721 1255; x_wconf 83' lang='lat' dir='ltr'>ponas,</span> <span class='ocrx_word' id='word_1_78' title='bbox 809 1197 812 1210; x_wconf 66' lang='lat'>¹</span> 
     </span>
    </p>
   </div>
   <div class='ocr_carea' id='block_1_10' title="bbox 92 1263 718 1430">
    <p class='ocr_par' dir='ltr' id='par_1_10' title="bbox 92 1263 718 1430">
     <span class='ocr_line' id='line_1_14' title="bbox 92 1263 718 1343; baseline 0.01 -22"><span class='ocrx_word' id='word_1_79' title='bbox 92 1266 221 1342; x_wconf 83' lang='lat' dir='ltr'>judicari,</span> <span class='ocrx_word' id='word_1_80' title='bbox 246 1266 336 1343; x_wconf 87' lang='lat' dir='ltr'>qualia</span> <span class='ocrx_word' id='word_1_81' title='bbox 350 1265 409 1334; x_wconf 78' lang='lat' dir='ltr'>iint,</span> <span class='ocrx_word' id='word_1_82' title='bbox 432 1287 486 1324; x_wconf 88' lang='lat' dir='ltr'>non</span> <span class='ocrx_word' id='word_1_83' title='bbox 504 1263 582 1324; x_wconf 82' lang='lat' dir='ltr'>facile</span> <span class='ocrx_word' id='word_1_84' title='bbox 597 1264 718 1342; x_wconf 64' lang='lat' dir='ltr'>potsunt.</span> 
     </span>
     <span class='ocr_line' id='line_1_15' title="bbox 95 1349 712 1430; baseline 0 -20"><span class='ocrx_word' id='word_1_85' title='bbox 95 1369 201 1428; x_wconf 84' lang='lat' dir='ltr'>patrem</span> <span class='ocrx_word' id='word_1_86' title='bbox 217 1354 271 1412; x_wconf 76' lang='lat' dir='ltr'>vita</span> <span class='ocrx_word' id='word_1_87' title='bbox 285 1355 400 1429; x_wconf 83' lang='lat' dir='ltr'>privare,</span> <span class='ocrx_word' id='word_1_88' title='bbox 420 1351 438 1410; x_wconf 88' lang='lat' dir='ltr'>fi</span> <span class='ocrx_word' id='word_1_89' title='bbox 454 1374 500 1430; x_wconf 88' lang='lat' dir='ltr'>per</span> <span class='ocrx_word' id='word_1_90' title='bbox 515 1350 541 1410; x_wconf 85' lang='lat' dir='ltr'>se</span> <span class='ocrx_word' id='word_1_91' title='bbox 557 1349 642 1410; x_wconf 81' lang='lat' dir='ltr'>scelus</span> <span class='ocrx_word' id='word_1_92' title='bbox 656 1351 712 1412; x_wconf 79' lang='lat' dir='ltr'>este</span> 
     </span>
    </p>
   </div>
   <div class='ocr_carea' id='block_1_11' title="bbox 6 1438 724 1604">
    <p class='ocr_par' dir='ltr' id='par_1_11' title="bbox 6 1438 724 1604">
     <span class='ocr_line' id='line_1_16' title="bbox 94 1438 724 1517; baseline 0.003 -21"><span class='ocrx_word' id='word_1_93' title='bbox 94 1441 244 1514; x_wconf 81' lang='lat' dir='ltr'>Saguntini,</span> <span class='ocrx_word' id='word_1_94' title='bbox 254 1442 300 1517; x_wconf 90' lang='lat' dir='ltr'>qui</span> <span class='ocrx_word' id='word_1_95' title='bbox 312 1459 435 1516; x_wconf 80' lang='lat' dir='ltr'>parentes</span> <span class='ocrx_word' id='word_1_96' title='bbox 447 1438 518 1507; x_wconf 87' lang='lat' dir='ltr'>suos,</span> <span class='ocrx_word' id='word_1_97' title='bbox 527 1440 629 1498; x_wconf 81' lang='lat' dir='ltr'>liberos</span> <span class='ocrx_word' id='word_1_98' title='bbox 638 1460 724 1498; x_wconf 66' lang='lat' dir='ltr'>emoo.</span> 
     </span>
     <span class='ocr_line' id='line_1_17' title="bbox 6 1525 717 1604; baseline 0 -20"><span class='ocrx_word' id='word_1_99' title='bbox 6 1549 12 1556; x_wconf 95' lang='lat'>·</span> <span class='ocrx_word' id='word_1_100' title='bbox 95 1528 130 1594; x_wconf 85' lang='lat' dir='ltr'>ri,</span> <span class='ocrx_word' id='word_1_101' title='bbox 152 1548 235 1604; x_wconf 86' lang='lat' dir='ltr'>quam</span> <span class='ocrx_word' id='word_1_102' title='bbox 253 1525 343 1585; x_wconf 78' lang='lat' dir='ltr'>servos</span> <span class='ocrx_word' id='word_1_103' title='bbox 359 1529 448 1586; x_wconf 84' lang='lat' dir='ltr'>vivere</span> <span class='ocrx_word' id='word_1_104' title='bbox 463 1527 626 1595; x_wconf 85' lang='lat' dir='ltr'>maluerunt,</span> <span class='ocrx_word' id='word_1_105' title='bbox 650 1548 717 1604; x_wconf 65' lang='lat' dir='ltr'>par-⁶</span> 
     </span>
    </p>
   </div>
   <div class='ocr_carea' id='block_1_12' title="bbox 15 1610 714 1692">
    <p class='ocr_par' dir='ltr' id='par_1_12' title="bbox 15 1610 714 1692">
     <span class='ocr_line' id='line_1_18' title="bbox 15 1610 714 1692; baseline 0.004 -22"><span class='ocrx_word' id='word_1_106' title='bbox 15 1657 19 1662; x_wconf 85' lang='lat'>.</span> <span class='ocrx_word' id='word_1_107' title='bbox 95 1613 196 1670; x_wconf 81' lang='lat' dir='ltr'>ricidae</span> <span class='ocrx_word' id='word_1_108' title='bbox 210 1613 329 1672; x_wconf 87' lang='lat' dir='ltr'>fuerunt.</span> <span class='ocrx_word' id='word_1_109' title='bbox 353 1630 457 1690; x_wconf 81' lang='lat' dir='ltr'>ergoet</span> <span class='ocrx_word' id='word_1_110' title='bbox 471 1610 574 1692; x_wconf 80' lang='lat' dir='ltr'>parenti</span> <span class='ocrx_word' id='word_1_111' title='bbox 587 1634 714 1672; x_wconf 79' lang='lat' dir='ltr'>nonnun-</span> 
     </span>
    </p>
   </div>
   <div class='ocr_carea' id='block_1_13' title="bbox 95 1699 799 1778">
    <p class='ocr_par' dir='ltr' id='par_1_13' title="bbox 95 1699 799 1778">
     <span class='ocr_line' id='line_1_19' title="bbox 95 1699 799 1778; baseline 0.001 -19"><span class='ocrx_word' id='word_1_112' title='bbox 95 1721 179 1778; x_wconf 86' lang='lat' dir='ltr'>quam</span> <span class='ocrx_word' id='word_1_113' title='bbox 199 1701 280 1760; x_wconf 84' lang='lat' dir='ltr'>adimi</span> <span class='ocrx_word' id='word_1_114' title='bbox 299 1700 353 1766; x_wconf 86' lang='lat' dir='ltr'>vita</span> <span class='ocrx_word' id='word_1_115' title='bbox 371 1699 422 1758; x_wconf 85' lang='lat' dir='ltr'>fine</span> <span class='ocrx_word' id='word_1_116' title='bbox 440 1699 537 1760; x_wconf 85' lang='lat' dir='ltr'>scelere</span> <span class='ocrx_word' id='word_1_117' title='bbox 557 1700 641 1778; x_wconf 88' lang='lat' dir='ltr'>potest</span> <span class='ocrx_word' id='word_1_118' title='bbox 651 1724 666 1776; x_wconf 50' lang='grc' dir='ltr'>ι,</span> <span class='ocrx_word' id='word_1_119' title='bbox 683 1717 713 1760; x_wconf 87' lang='lat' dir='ltr'>et</span> <span class='ocrx_word' id='word_1_120' title='bbox 798 1746 799 1755; x_wconf 46' lang='grc' dir='ltr'><strong>ι</strong></span> 
     </span>
    </p>
   </div>
   <div class='ocr_carea' id='block_1_14' title="bbox 93 1779 713 1865">
    <p class='ocr_par' dir='ltr' id='par_1_14' title="bbox 93 1779 713 1865">
     <span class='ocr_line' id='line_1_20' title="bbox 93 1779 713 1865; baseline 0.002 -19"><span class='ocrx_word' id='word_1_121' title='bbox 93 1779 172 1846; x_wconf 79' lang='lat' dir='ltr'>servi&gt;</span> <span class='ocrx_word' id='word_1_122' title='bbox 183 1786 260 1865; x_wconf 88' lang='lat' dir='ltr'>saepe</span> <span class='ocrx_word' id='word_1_123' title='bbox 271 1784 323 1846; x_wconf 78' lang='lat' dir='ltr'>fine·</span> <span class='ocrx_word' id='word_1_124' title='bbox 335 1789 433 1864; x_wconf 83' lang='lat' dir='ltr'>injuria</span> <span class='ocrx_word' id='word_1_125' title='bbox 448 1810 501 1846; x_wconf 91' lang='lat' dir='ltr'>non</span> <span class='ocrx_word' id='word_1_126' title='bbox 513 1783 611 1865; x_wconf 79' lang='lat' dir='ltr'>potest.²</span> <span class='ocrx_word' id='word_1_127' title='bbox 626 1779 713 1848; x_wconf 55' lang='lat' dir='ltr'>&#39;causa</span> 
     </span>
    </p>
   </div>
   <div class='ocr_carea' id='block_1_15' title="bbox 93 1875 726 1954">
    <p class='ocr_par' dir='ltr' id='par_1_15' title="bbox 93 1875 726 1954">
     <span class='ocr_line' id='line_1_21' title="bbox 93 1875 726 1954; baseline 0.005 -21"><span class='ocrx_word' id='word_1_128' title='bbox 93 1876 177 1953; x_wconf 85' lang='lat' dir='ltr'>igitur</span> <span class='ocrx_word' id='word_1_129' title='bbox 191 1879 268 1943; x_wconf 81' lang='lat' dir='ltr'>hacc,</span> <span class='ocrx_word' id='word_1_130' title='bbox 285 1895 337 1932; x_wconf 87' lang='lat' dir='ltr'>non</span> <span class='ocrx_word' id='word_1_131' title='bbox 353 1893 448 1933; x_wconf 83' lang='lat' dir='ltr'>natura</span> <span class='ocrx_word' id='word_1_132' title='bbox 463 1875 615 1952; x_wconf 85' lang='lat' dir='ltr'>distinguit:</span> <span class='ocrx_word' id='word_1_133' title='bbox 633 1897 726 1954; x_wconf 64' lang='lat' dir='ltr'>quae,</span> 
     </span>
    </p>
   </div>
   <div class='ocr_carea' id='block_1_16' title="bbox 93 1958 716 2126">
    <p class='ocr_par' dir='ltr' id='par_1_16' title="bbox 93 1958 716 2126">
     <span class='ocr_line' id='line_1_22' title="bbox 94 1958 709 2054; baseline 0 -34"><span class='ocrx_word' id='word_1_134' title='bbox 94 1963 224 2039; x_wconf 81' lang='lat' dir='ltr'>quoniam</span> <span class='ocrx_word' id='word_1_135' title='bbox 237 1980 300 2020; x_wconf 87' lang='lat' dir='ltr'>utro</span> <span class='ocrx_word' id='word_1_136' title='bbox 315 1958 427 2029; x_wconf 85' lang='lat' dir='ltr'>acceffit,</span> <span class='ocrx_word' id='word_1_137' title='bbox 451 1963 480 2020; x_wconf 89' lang='lat' dir='ltr'>id</span> <span class='ocrx_word' id='word_1_138' title='bbox 494 1961 523 2020; x_wconf 86' lang='lat' dir='ltr'>fit</span> <span class='ocrx_word' id='word_1_139' title='bbox 538 1961 709 2054; x_wconf 78' lang='lat' dir='ltr'>propensius;</span> 
     </span>
     <span class='ocr_line' id='line_1_23' title="bbox 93 2037 716 2126; baseline 0 -18"><span class='ocrx_word' id='word_1_140' title='bbox 93 2047 241 2125; x_wconf 68' lang='lat' dir='ltr'>finireque</span> <span class='ocrx_word' id='word_1_141' title='bbox 252 2050 378 2126; x_wconf 69' lang='lat' dir='ltr'>adjuncta</span> <span class='ocrx_word' id='word_1_142' title='bbox 389 2047 431 2116; x_wconf 86' lang='lat' dir='ltr'>fit,</span> <span class='ocrx_word' id='word_1_143' title='bbox 445 2050 519 2126; x_wconf 83' lang='lat' dir='ltr'>paria</span> <span class='ocrx_word' id='word_1_144' title='bbox 533 2046 598 2107; x_wconf 75' lang='lat' dir='ltr'>liant</span> <span class='ocrx_word' id='word_1_145' title='bbox 611 2037 716 2108; x_wconf 78' lang='lat' dir='ltr'>necess&#39;c</span> 
     </span>
    </p>
   </div>
   <div class='ocr_carea' id='block_1_17' title="bbox 60 2126 764 2213">
    <p class='ocr_par' dir='ltr' id='par_1_17' title="bbox 60 2126 764 2213">
     <span class='ocr_line' id='line_1_24' title="bbox 60 2126 764 2213; baseline 0.003 -19"><span class='ocrx_word' id='word_1_146' title='bbox 60 2159 63 2163; x_wconf 92' lang='lat'>·</span> <span class='ocrx_word' id='word_1_147' title='bbox 94 2135 144 2200; x_wconf 78' lang='lat' dir='ltr'>est.</span> <span class='ocrx_word' id='word_1_148' title='bbox 181 2135 353 2194; x_wconf 81' lang='lat' dir='ltr'>illudtamen</span> <span class='ocrx_word' id='word_1_149' title='bbox 368 2136 486 2204; x_wconf 81' lang='lat' dir='ltr'>interest,</span> <span class='ocrx_word' id='word_1_150' title='bbox 503 2126 599 2213; x_wconf 87' lang='lat' dir='ltr'>quod</span> <span class='ocrx_word' id='word_1_151' title='bbox 592 2157 619 2195; x_wconf 87' lang='grc' dir='ltr'>ιιι</span> <span class='ocrx_word' id='word_1_152' title='bbox 634 2134 719 2196; x_wconf 70' lang='lat' dir='ltr'>servo</span> <span class='ocrx_word' id='word_1_153' title='bbox 762 2151 764 2154; x_wconf 83' lang='lat'>&#39;</span> 
     </span>
    </p>
   </div>
   <div class='ocr_carea' id='block_1_18' title="bbox 92 2207 729 2568">
    <p class='ocr_par' dir='ltr' id='par_1_18' title="bbox 92 2207 718 2568">
     <span class='ocr_line' id='line_1_25' title="bbox 94 2207 718 2300; baseline -0.002 -18"><span class='ocrx_word' id='word_1_154' title='bbox 94 2207 227 2300; x_wconf 76' lang='lat' dir='ltr'>necando,</span> <span class='ocrx_word' id='word_1_155' title='bbox 243 2220 261 2279; x_wconf 82' lang='lat' dir='ltr'>fi</span> <span class='ocrx_word' id='word_1_156' title='bbox 272 2213 357 2280; x_wconf 82' lang='lat' dir='ltr'>ads</span> <span class='ocrx_word' id='word_1_157' title='bbox 328 2241 339 2280; x_wconf 94' lang='grc' dir='ltr'>ι</span> <span class='ocrx_word' id='word_1_158' title='bbox 318 2224 459 2299; x_wconf 71' lang='lat' dir='ltr'>injuria,</span> <span class='ocrx_word' id='word_1_159' title='bbox 473 2221 553 2292; x_wconf 80' lang='lat' dir='ltr'>semel</span> <span class='ocrx_word' id='word_1_160' title='bbox 565 2239 718 2300; x_wconf 47' lang='lat' dir='ltr'>peccatura:</span> 
     </span>
     <span class='ocr_line' id='line_1_26' title="bbox 93 2305 729 2388; baseline -0.003 -18"><span class='ocrx_word' id='word_1_161' title='bbox 93 2311 121 2370; x_wconf 87' lang='lat' dir='ltr'>in</span> <span class='ocrx_word' id='word_1_162' title='bbox 137 2311 220 2387; x_wconf 85' lang='lat' dir='ltr'>patris</span> <span class='ocrx_word' id='word_1_163' title='bbox 236 2311 290 2367; x_wconf 89' lang='lat' dir='ltr'>vita</span> <span class='ocrx_word' id='word_1_164' title='bbox 306 2309 440 2378; x_wconf 78' lang='lat' dir='ltr'>violanda,</span> <span class='ocrx_word' id='word_1_165' title='bbox 458 2309 543 2368; x_wconf 86' lang='lat' dir='ltr'>multa</span> <span class='ocrx_word' id='word_1_166' title='bbox 554 2305 729 2388; x_wconf 76' lang='lat' dir='ltr'>peccantur.</span> 
     </span>
     <span class='ocr_line' id='line_1_27' title="bbox 92 2397 709 2476; baseline 0.002 -20"><span class='ocrx_word' id='word_1_167' title='bbox 92 2397 210 2456; x_wconf 84' lang='lat' dir='ltr'>violatur</span> <span class='ocrx_word' id='word_1_168' title='bbox 225 2398 258 2465; x_wconf 88' lang='lat' dir='ltr'>is,</span> <span class='ocrx_word' id='word_1_169' title='bbox 278 2398 323 2474; x_wconf 88' lang='lat' dir='ltr'>qui</span> <span class='ocrx_word' id='word_1_170' title='bbox 334 2399 498 2474; x_wconf 81' lang='lat' dir='ltr'>procreavit:</span> <span class='ocrx_word' id='word_1_171' title='bbox 516 2399 549 2466; x_wconf 85' lang='lat' dir='ltr'>is,</span> <span class='ocrx_word' id='word_1_172' title='bbox 569 2399 709 2476; x_wconf 72' lang='lat' dir='ltr'>quialuitz</span> 
     </span>
     <span class='ocr_line' id='line_1_28' title="bbox 92 2483 715 2568; baseline 0.005 -22"><span class='ocrx_word' id='word_1_173' title='bbox 92 2485 127 2560; x_wconf 84' lang='lat' dir='ltr'>is,</span> <span class='ocrx_word' id='word_1_174' title='bbox 142 2488 189 2568; x_wconf 87' lang='lat' dir='ltr'>qui</span> <span class='ocrx_word' id='word_1_175' title='bbox 198 2485 331 2548; x_wconf 85' lang='lat' dir='ltr'>erudivit:</span> <span class='ocrx_word' id='word_1_176' title='bbox 350 2485 384 2551; x_wconf 83' lang='lat' dir='ltr'>is,</span> <span class='ocrx_word' id='word_1_177' title='bbox 401 2486 447 2562; x_wconf 90' lang='lat' dir='ltr'>qui</span> <span class='ocrx_word' id='word_1_178' title='bbox 459 2483 560 2549; x_wconf 83' lang='lat' dir='ltr'>insede</span> <span class='ocrx_word' id='word_1_179' title='bbox 573 2488 715 2560; x_wconf 65' lang='lat' dir='ltr'>iic-domo,</span> 
     </span>
    </p>
   </div>
   <div class='ocr_carea' id='block_1_19' title="bbox 0 0 826 2760">
    <p class='ocr_par' dir='ltr' id='par_1_19' title="bbox 0 0 826 2760">
     <span class='ocr_line' id='line_1_29' title="bbox 0 0 826 2760; baseline 0 1"><span class='ocrx_word' id='word_1_180' title='bbox 0 0 826 2760; x_wconf 95' lang='lat' dir='ltr'> </span> 
     </span>
    </p>
   </div>
  </div>
 </body>
</html>
