1644 2760
132 117 137 132 ι
207 51 590 188 Αιιιιιιιιςιτιι.
684 87 727 163 83

21 187 24 192 ¹
100 197 153 264 nis,
170 210 211 264 ut,
226 194 284 254 fiin
298 193 430 272 ejusmodi
440 180 569 275 amicitias
581 191 666 268 ignari
677 210 728 250 ca

98 282 129 342 su
145 282 236 360 aliquo
251 282 407 348 inciderint,
419 299 452 340 ne
468 264 653 346 existiment,
646 295 684 334 tta
697 274 724 336 se

19 403 23 410 ·
99 369 237 446 alligatos,
253 385 283 426 ut
303 368 337 426 ab
361 367 463 433 amicis,
484 367 512 424 in
531 383 655 450 magnato
671 363 723 422 ali-

98 477 208 534 quarn
202 475 260 515 reru
280 454 463 532 peccantibus,
491 474 543 512 non
570 448 735 512 discedant.
765 452 776 482 ¹

97 543 229 620 improbis
245 559 334 600 autem
346 561 432 617 poena
447 538 650 598 statuendaest:
670 557 721 598 nec
812 593 814 600 Α

100 649 167 694 uero
182 629 269 688 minor
280 629 324 696 iis,
340 649 387 704 qur
379 624 484 684 secuti
498 642 577 684 eruut
591 625 723 704 alterurn,
767 625 795 682 Ὁ

59 711 63 718 ’
97 716 234 794 ςιιιιιιὶιι,
247 715 294 792 qui
305 711 350 791 ipb
360 713 460 772 fuerint
471 713 615 790 impietatis
624 713 721 773 ducet.
777 727 797 756 '-

16 819 18 824 ’
97 804 160 880 quis
170 801 268 860 clarior
278 804 307 863 iu
319 801 434 858 Graecia
444 798 639 860 Themistocle?
657 800 720 877 quis

6 961 8 964 Ι
96 889 255 968 potentior?
281 889 328 965 qui
340 908 404 944 curn
413 888 559 964 imperator
570 886 645 944 bello
653 893 718 946 Per·

6 989 9 998 ’
94 975 148 1036 srco
172 973 298 1034 servitute
314 975 454 1042 Graeciam
469 972 611 1042 liberalia,
635 995 718 1051 prop-

94 1061 192 1139 terque
206 1061 334 1120 invidiam
348 1062 376 1118 in
392 1059 505 1120 exilium
528 1058 619 1139 pulsus
641 1061 716 1142 edet,

94 1148 217 1224 ingratae
228 1149 329 1225 patriae
343 1147 470 1224 injuriam
481 1167 535 1204 non
547 1146 619 1216 tulit,
633 1167 724 1224 quarn

94 1234 168 1294 serre
182 1235 286 1296 debuit.
331 1233 395 1292 fecit
404 1235 486 1302 idem,
500 1234 574 1310 quod
584 1253 627 1294 xx
638 1236 723 1294 annis.

92 1336 158 1388 ante
172 1322 244 1398 apud
263 1341 313 1380 nos
327 1320 430 1380 fecerat
454 1319 625 1380 Coriolanus.
671 1320 722 1380 hisJ

91 1408 203 1485 adjutor
220 1424 315 1466 contra
334 1409 448 1484 patriam
466 1408 590 1466 inventus
610 1405 647 1466 est
664 1427 713 1467 ue·
736 1485 738 1489 Ι

90 1514 148 1558 ιιιο.
179 1494 271 1572 itaque
285 1511 403 1552 mortem
417 1491 463 1550 fibi
482 1509 595 1570 uterque
609 1491 713 1553 consci-

90 1581 142 1640 vit.
188 1599 273 1656 quare
291 1578 353 1636 talis
373 1579 558 1656 improborum
577 1578 712 1640 consentio

89 1687 148 1730 non
163 1661 245 1724 rnodb
260 1662 431 1725 excusatione
448 1669 580 1726 amicitiae
594 1669 711 1743 tegenda

90 1773 148 1812 non
161 1749 210 1821 est,
224 1749 271 1810 sed
285 1753 375 1828 potius
389 1755 462 1810 omni
477 1751 605 1831 supplicio
621 1751 710 1814 vindi·

90 1840 194 1899 cauda:
220 1854 251 1898 ut
270 1840 380 1917 nequis
395 1837 442 1897 fibi
457 1841 606 1902 concessum
621 1859 709 1919 putet,

90 1926 217 1996 amicum,
240 1924 284 1983 vel
300 1924 402 1984 bellurn
419 1929 521 2004 patriae
538 1929 709 2000 inferentem,
737 1947 740 1954 ’

89 2010 176 2090 sequi.
213 2013 289 2089 quod
304 2013 425 2090 quidem,
446 2030 478 2072 ut
495 2036 538 2074 res
552 2017 641 2094 coepit
656 2017 709 2086 ire,

89 2099 165 2158 haud
175 2096 240 2166 scio,
255 2119 290 2160 au
301 2097 446 2176 aliquando
459 2100 580 2161 futurum
592 2102 633 2163 stt.
656 2104 708 2162 mi·
721 2108 724 2120 ‘

75 2197 79 2202 '
90 2186 120 2243 hi
129 2201 220 2244 autem
229 2206 283 2244 non
293 2185 391 2244 minori
403 2207 482 2246 curae
493 2188 542 2258 est,
554 2190 642 2266 qualis
652 2188 708 2252 res·

91 2270 201 2350 publica
222 2269 280 2347 post
302 2291 417 2332 mortem
442 2293 528 2334 meam
552 2275 646 2336 fututa·
664 2275 707 2350 fit,
739 2275 744 2284 ’

53 2375 80 2420 ις
93 2377 174 2436 quam
186 2357 275 2435 qualis
284 2359 364 2418 hodie
376 2359 417 2422 fit.
452 2403 459 2414 ι
471 2367 548 2422 Haec
558 2363 640 2442 igitur
651 2368 708 2443 pri·

88 2465 137 2508 ¹tua
150 2443 199 2510 lex
212 2445 344 2512 amicitiae
358 2443 502 2594 sppciptur,
524 2467 554 2512 ut
568 2452 602 2512 ab
616 2453 711 2516 amicit

761 2557 798 2584 A
814 2563 815 2582 ι
