1654 2758
44 193 46 198 .
106 171 143 217 u
214 159 277 215 DE
302 159 622 220 SENE'CT'UTE.

103 281 165 320 cunt
173 262 243 322 inter
255 265 323 323 duos
333 265 485 326 consulatus
498 287 560 325 anni
552 266 690 326 ''decem
681 287 725 326 tn·

102 350 293 422 terfluxiffent,
306 351 454 432 censorque
468 371 531 413 ante
554 351 726 413 consulatum

102 433 266 514 superiorem
287 439 384 500 fuisset.
418 461 455 498 ex
476 461 531 518 quo
548 441 723 517 intelligitur,

102 525 200 600 Pyrrhi
215 525 288 584 bello
301 528 430 604 grandem
445 527 506 587 sane
521 527 613 598 fniffe3
636 545 666 586 et
680 544 724 585 ta

102 629 165 668 men
176 608 211 668 fic
222 633 238 669 a
248 615 368 690 patribus
378 615 538 691 accepimus.
562 613 647 672 nihil
640 614 725 690 igitur

103 693 230 768 affirunt,
247 701 337 776 quiin
348 721 376 758 re
392 703 510 777 gerenda
521 699 620 759 versati
631 699 723 758 senec·

101 801 188 843 tutem
204 801 313 863 negant,
332 785 478 866 similesque
492 785 564 856 sstnt,
584 805 624 856 nt,
642 785 724 864 siqui

101 872 308 947 gubennatotetn
329 875 356 930 in
379 875 534 952 navigando
552 895 634 950 agere
655 873 724 931 nihii

79 958 84 964 ’
100 959 203 1027 dicant,
219 980 280 1018 cum
295 960 340 1018 aiii
355 959 441 1018 malos
456 961 595 1029 scandant,
615 958 659 1018 alii
675 981 724 1038 pet

101 1044 177 1103 foros
187 1045 302 1115 consent,
311 1047 357 1105 alii
364 1045 493 1106 sentinam
502 1048 675 1106 exhauriant:
688 1047 724 1104 i}-

101 1131 233 1192 leautem
252 1133 363 1192 clavum
378 1151 470 1192 tenens
489 1133 601 1194 sedeat
594 1155 620 1190 tn
639 1133 722 1211 puppi

100 1221 221 1297 quietus
245 1241 298 1278 non
317 1221 397 1279 saciat
408 1243 451 1290 ea,
465 1241 534 1299 quae
546 1223 680 1306 juvenes.
694 1237 723 1278 at
812 1287 813 1294 χ

81 1367 82 1372 1
101 1327 175 1364 veto
157 1303 268 1365 multo
283 1329 335 1384 maj
339 1327 388 1372 ota
399 1325 427 1366 et
438 1308 550 1366 meliora
565 1307 642 1366 facit.
666 1296 722 1364 non

101 1393 213 1460 viribus,
236 1411 281 1452 ant
298 1396 497 1463 venetianus,
519 1411 567 1452 aut
584 1392 722 1453 celeritate

101 1499 245 1558 conponunt
257 1502 298 1538 tes
312 1503 423 1558 mag-nae
434 1497 581 1558 geruntnrt
598 1478 643 1538 sed
655 1499 721 1537 con·

101 1565 169 1636 filio,
190 1569 359 1637 autioritate,
383 1565 523 1636 sententia,
547 1569 645 1645 quibus
665 1587 720 1624 non
781 1609 783 1614 -

101 1657 184 1712 modo
199 1676 251 1712 non
264 1656 364 1722 orbari,
381 1653 426 1712 sed
435 1657 515 1713 etiam
528 1655 619 1730 angori
630 1651 720 1712 senec·

102 1757 146 1798 tus
161 1739 238 1801 solet.
264 1739 309 1798 niti
324 1743 396 1799 sorte
407 1762 457 1818 ego
469 1743 555 1810 vobit,
572 1743 618 1818 qui
629 1741 719 1798 'etmi-

76 1838 78 1846 ’
101 1827 152 1895 ies,
169 1845 195 1886 ct
205 1829 339 1896 tribunus,
352 1846 379 1888 et
390 1827 505 1904 legatus,
516 1844 543 1886 et
555 1825 648 1885 consul·
658 1847 720 1884 vtt-

59 1977 62 1982 ,
98 1913 174 1973 satus
190 1913 246 1972 sum
259 1915 286 1972 in
302 1917 376 1973 vatio
387 1935 484 1991 genere
498 1913 641 1982 bellorum,
662 1911 718 1971 cef·
742 1919 746 1924 ’

101 1999 158 2059 sare
183 2023 254 2059 nunc
272 2003 376 2070 videon,
396 2022 461 2082 cunt
478 2001 550 2060 bella
567 2021 620 2058 non
641 2008 717 2076 grenog

100 2088 250 2157 at‘senatni,
268 2109 336 2166 quae
347 2087 406 2148 sunt
416 2089 543 2164 gerendo,
556 2085 717 2162 praescribo,

100 2191 127 2232 et
148 2176 302 2250 quomodo:
327 2174 483 2248 Carthagini
506 2173 576 2230 maie
593 2175 651 2250 jam
670 2173 718 2230 diu
746 2205 748 2208 ·

101 2260 240 2332 cogitanti,
263 2259 363 2316 bellum
383 2259 470 2316 multo
487 2277 549 2316 ante
568 2259 714 2316 denuntio:

101 2345 135 2398 de
153 2363 206 2417 qna
226 2345 312 2400 vereri
331 2360 465 2401 nonanto
484 2343 610 2411 defluam,
635 2365 717 2421 quam

100 2424 173 2482 illam
187 2425 301 2484 excisam
315 2429 364 2485 ess'e
379 2449 541 2504 cognovero.
565 2450 646 2506 quam
659 2431 716 2506 pal·

54 2522 173 2608 *flant
188 2513 289 2570 utinam
304 2515 340 2571 dii
355 2513 521 2573 immortales
539 2515 598 2586 tibi,
617 2517 716 2592 Scipio,
