1644 2760
92 61 164 173 vrra
266 97 561 156 rnnrnoxm

98 194 174 264 teste,
201 217 263 258 cum
277 198 383 258 lucrari
406 195 515 278 impune
537 198 632 277 poil'et,
664 201 732 260 auri

99 285 192 360 pondo
205 286 309 355 decem,
325 288 491 346 reddiderit:
515 285 616 346 iridem
629 289 657 344 in
674 291 731 346 de·

98 369 158 428 cem
181 371 299 431 millibus
319 375 419 450 pondo¹
433 395 487 432 non
508 374 588 432 idem?
600 374 726 434 fecerit?

98 474 146 516 aut
158 473 359 536 temperantem
378 471 453 529 eum,
476 462 524 538 qui
544 459 613 518 sein
630 461 730 538 aliqua
790 517 793 528 ,

99 541 212 604 libidine
227 547 398 615 continuerit,
424 549 451 604 in
466 547 556 624 aliqua
571 545 725 612 effuderit?

98 651 153 692 una
172 633 259 696 virtut
278 631 325 700 esi,
347 631 514 692 consentiens
536 655 596 691 curn
615 635 734 694 ratione*
760 672 763 677 ·

97 735 126 777 et
147 735 275 798 perpetua
295 719 453 781 constantia.
486 720 552 780 nihil
572 722 635 778 huic
656 722 726 780 addi

98 805 196 886 potest,
212 827 268 904 quo
282 808 366 883 magis
382 808 467 866 virtus
482 805 529 865 iit:
554 807 620 865 nihil
635 809 724 876 demi,

97 906 130 970 ut
142 894 257 953 virtutis
264 913 361 952 nomen
374 893 551 972 relinquatur.
585 896 685 952 etenim
703 893 724 952 st

21 1011 23 1014 ·
97 979 246 1050 bonefatio,
262 960 332 1040 iede
347 980 419 1038 fasta
432 980 502 1050 sunt,
519 997 547 1040 et
560 980 629 1038 nihil
644 986 729 1040 retio-

98 1069 219 1138 melina-r
241 1085 314 1126 certe
336 1089 371 1126 ue
391 1069 463 1127 bono
487 1069 601 1145 quidem
620 1067 721 1126 melius

96 1156 249 1232 quidquam
265 1152 378 1214 inveniri
396 1153 492 1232 potest.
530 1153 650 1231 sequitur
665 1155 720 1230 ign.

95 1257 155 1310 tur,
172 1258 208 1310 ¹ut
225 1242 307 1304 etiam
326 1241 391 1300 vitia
405 1239 454 1300 srnt
472 1239 732 1318 patiansrquidem·

95 1325 242 1408 pravitates
255 1329 336 1387 animi
349 1333 420 1386 reete
433 1328 498 1386 vitia
513 1329 650 1394 dicuntur.
662 1345 720 1385 at·

95 1417 144 1493 qui
168 1416 296 1494 quoniam
318 1435 395 1492 paret
415 1417 528 1474 virtutes
550 1412 621 1483 sunt,
646 1421 721 1474 rethe

94 1503 176 1570 ludia,
192 1504 302 1579 quando
317 1502 489 1560 arirtutibur
502 1500 718 1578 prdhciscuntur,'

93 1591 171 1670 paria
181 1588 232 1655 effe
242 1591 358 1649 debent:
379 1587 498 1668 itemque
510 1601 636 1665 peccata,'
646 1595 736 1666 quo-'¹'

93 1678 166 1736 niam
177 1697 217 1736 ex
232 1677 302 1736 vitiis
321 1673 445 1744 manuum
466 1673 515 1733 fint
529 1677 654 1753 aequalia
668 1697 716 1734 ne·
733 1675 735 1682 ’

94 1763 162 1822 celle
176 1762 225 1834 est.
311 1769 338 1822 A,
351 1761 716 1840 philosophiminquissista
732 1791 751 1827 a

91 1848 185 1920 sumit.
208 1851 385 1917 metuebam,
402 1871 435 1908 ne
450 1869 466 1907 a
481 1847 622 1922 lenonibus
637 1849 716 1908 dice·

91 1957 147 1998 ret.
171 1944 293 1996 Socrates
306 1935 464 2014 disputabat
468 1936 518 1994 iilo
529 1937 621 1997 modo
646 1938 714 1996 bene

91 2023 183 2100 h'ercle
195 2043 304 2083 narras.
322 2043 384 2081 nam
396 2023 476 2092 istum·
485 2025 593 2082 dotium
606 2039 640 2080 et
643 2021 712 2101 sapi-

91 2128 182 2172 entem
200 2113 287 2178 virum
306 2108 392 2176 fuiffe,
417 2112 561 2168 memoriae
582 2111 711 2178 traditum

23 2248 25 2252 .
42 2235 44 2238 -
91 2195 140 2256 est.
153 2195 202 2252 sed
211 2213 302 2254 tamen
312 2215 414 2272 quaero
425 2217 463 2254 ex
475 2212 502 2254 te
511 2195 638 2274 (quando
650 2217 710 2255 ver·

91 2281 158 2336 bis'
152 2298 222 2337 mter
236 2302 285 2338 nos
304 2284 501 2350 contendimus,
526 2303 581 2342 non
598 2283 707 2364 pugnis)
798 2297 800 2306 '

91 2380 182 2418 utrum
197 2366 272 2422 bonis
287 2365 324 2422 est
336 2371 529 2443 quaerendum,
549 2371 616 2446 quid
631 2371 712 2446 baju

33 2454 70 2480 ¹¹·
92 2445 110 2488 ¹
103 2464 203 2526 atque
215 2453 339 2527 operarii,
355 2473 391 2511 an
401 2455 599 2532 quidhomines
610 2455 717 2518 doetis-
