1644 2760
28 119 32 128 “
113 93 170 182 uia
253 123 602 182 namurcum.

108 213 153 277 sus
167 216 311 286 amicitiae,
326 219 482 298 multaeque
495 218 586 281 causae
600 215 738 298 suspicio·
767 265 770 274 .

111 322 176 361 num
195 301 421 383 offenfionumque
439 307 556 364 danturt
581 326 651 383 quas
674 323 739 366 tum
792 349 795 355 -

111 389 222 457 euitare,
237 406 296 448 tum
307 389 423 460 elevare,
438 406 498 462 tum
506 391 588 459 ferte,
603 389 738 468 sapientie

113 473 163 533 est.
175 494 229 532 una
239 474 286 533 illa
299 473 462 536 sublevanda
471 475 580 536 offensio
591 475 642 546 est,
662 493 739 537 utet

113 558 216 630 utilitas
234 563 261 620 in
283 563 410 631 amicitia,
432 579 462 623 et
483 563 549 622 fides
569 563 735 624 retineatur.

112 665 174 704 nam
189 662 216 705 et
230 649 355 706 monendi
371 651 448 708 amici
460 647 535 726 saepe
550 646 621 717 sunt,
637 665 667 706 et
683 650 737 713 ob«

111 734 254 810 jurgandi:
270 750 298 790 et
312 736 379 792 haec
393 735 545 812 accipienda
559 735 656 802 amice,
670 755 737 796 cum

113 818 242 878 benevole
259 819 338 889 fiunt.
372 819 419 879 sed
429 819 518 878 nescio
530 822 671 898 quomodo
685 843 735 882 ve·

113 925 175 962 rum
185 903 233 974 est,
249 907 322 983 quod
336 907 363 964 in
379 908 482 966 Andria
500 905 640 966 familiaria
654 927 736 968 meus

114 992 198 1050 dicit:

34 1098 36 1102 ·
136 1075 299 1155 Obsequium
310 1078 420 1145 amicos,
434 1077 533 1136 veritas
544 1077 638 1136 odium
647 1079 733 1155 parit,

112 1161 223 1222 molesta
235 1166 331 1222 veritas
340 1164 387 1232 eu,
403 1162 541 1242 siquidem
553 1184 589 1222 ex
599 1184 633 1222 ea
644 1164 733 1242 nasei·
807 1185 809 1276 ι

114 1265 158 1306 tur
168 1251 276 1319 odium3
296 1248 383 1328 (quod
395 1249 431 1308 est
440 1270 571 1307 uenenum
583 1249 731 1329 amicitiae)
803 1277 809 1378 j

114 1333 159 1394 sed
169 1334 323 1414 obsequium
334 1333 419 1393 molto
429 1335 574 1403 molestius,
582 1336 656 1412 quod
667 1355 732 1412 pec·
806 1375 808 1386 ι

114 1423 181 1482 catis
193 1421 342 1497 indulgens,
359 1421 530 1498 praecipitem
545 1421 660 1478 amicum
675 1421 731 1478 fer·
778 1427 783 1440 '

115 1510 137 1566 ri
152 1507 221 1569 snit.
252 1509 371 1566 maxima
385 1523 475 1588 autem
492 1506 571 1584 culpa
587 1505 614 1562 io
632 1527 665 1564 eo
680 1507 731 1576 est,

115 1595 162 1672 qui
177 1612 205 1652 et
220 1595 360 1651 veritatem
375 1590 558 1669 adspernatur,
573 1609 600 1649 et
611 1592 638 1649 in
653 1591 729 1651 frau·
806 1601 807 1620 ¹

115 1683 176 1743 dem
186 1678 313 1758 obsequio
321 1678 478 1756 impellitur.
503 1678 576 1736 omni
587 1678 668 1754 igitur
677 1681 730 1736 hac
798 1745 806 1758 ,Ἴ

115 1767 142 1822 in
154 1786 182 1822 re
194 1767 316 1823 habenda
328 1766 435 1822 ratioet
449 1763 589 1842 diligentia
599 1758 653 1822 est:
671 1766 727 1848 pri·
804 1795 805 1826 i

115 1870 199 1916 mum,
217 1867 247 1907 ut
262 1851 375 1908 monitio
389 1851 544 1918 acerbitate,
562 1849 659 1908 deinde
677 1850 725 1907 ob·
804 1845 805 1884 t

110 1937 231 2014 jurgatio
248 1936 409 2010 contumelia
423 1953 530 1995 careat:
554 1936 581 1992 in
598 1933 726 2014 obsequio

113 2041 203 2086 autem
225 2022 365 2099 (qnoniam
388 2022 555 2080 Terentiano
579 2021 661 2078 verbo
683 2020 725 2079 lu·
802 2095 803 2100 ἵ

114 2110 208 2180 beuter
223 2109 335 2186 utimur)
348 2110 460 2169 comitas
472 2106 554 2166 adfit:
580 2105 724 2176 adsentatio,
800 2105 803 2132 ⁷

113 2197 239 2268 uitiorum
268 2195 398 2270 adjutrix,
429 2192 523 2269 procul
551 2207 721 2250 amoveatur:

114 2297 183 2352 quae
195 2299 248 2335 non
260 2279 341 2336 modo
352 2279 449 2346 amico,
465 2277 511 2336 sed
522 2297 555 2336 ne
568 2277 654 2336 libero
664 2279 724 2354 qui·

112 2363 175 2438 dem
189 2363 269 2434 digna
280 2362 327 2419 est.
357 2363 435 2420 aliter
445 2364 588 2422 enimcum
600 2379 742 2438 tyranno,¹
793 2383 801 2418 'i

25 2494 52 2508 ,,
111 2443 191 2502 aliter
200 2465 261 2502 cum
269 2445 355 2506 amico
364 2447 473 2508 vivitur.
489 2450 567 2526 cujus
580 2466 723 2532 autemaue

797 2531 800 2588 i
