1654 2758
190 151 253 204 nn
278 148 601 204 sturnorum.
674 157 714 217 17

87 247 472 328 *coiuntnretdiliguntotzfic
481 249 665 322 adolescentes
674 246 715 307 se-

93 358 158 395 num
178 339 328 417 praeceptis
342 338 474 415 gaudent,
494 338 592 415 quibus
611 335 716 394 ad-vir·

92 441 184 482 tutum
200 424 287 482 studia
300 425 447 484 ducuntur.
470 444 520 482 nec
534 424 621 482 minus
633 419 715 480 intei-

93 510 151 587 ligo
166 531 209 568 nte
221 512 308 579 vobis,
324 531 405 588 quam
417 511 544 568 vos-mihi
555 509 713 588 eisejneun·
750 581 755 590 ι

5 617 35 643 “·
93 599 171 656 dor.'
196 596 243 656 sed
259 599 367 667 videtis,
385 595 549 658 utsenedius
565 597 717 656 nonmodo

5 701 7 710 ·
93 683 318 762 languidumque
329 684 401 744 iners
409 703 464 742 non
475 681 516 753 fit,
528 683 719 744 verumetiam
802 689 809 704 '

59 771 65 777 '
94 768 127 828 iit
136 770 250 848 operosa
259 788 286 830 et
295 770 397 849 semper
407 792 487 848 agenr
497 770 610 849 aliquid,
620 788 648 829 et
659 789 719 828 nro·

95 858 178 930 liens3
187 857 241 916 tale
253 857 456 936 scilic'rtrquale
464 856 593 936 cujusque
602 857 718 916 studium

96 945 125 1002 in
143 939 279 1022 superiore
292 947 349 1004 rita
363 944 425 1006 fuir.
458 946 535 1024 quid,
550 945 718 1024 quodetiam

97 1029 240 1090 addiscunt
255 1031 378 1110 aliquid?
404 1048 440 1090 ut·
453 1031 579 1091 Solonem
601 1029 718 1092 versibus

98 1119 263 1195 gloriantem
277 1120 409 1188 videmus,
424 1119 473 1197 qui
489 1117 517 1178 se
531 1121 653 1197 quotidie
668 1118 719 1176 aii·

99 1205 169 1282 quid
177 1203 720 1284 addiscentem,senernfieridieit:utego
807 1247 810 1252 -

100 1291 214 1369 feti‚qui
224 1299 343 1360 Graecas
352 1292 445 1352 literas
454 1291 537 1369 senex
545 1295 639 1355 didici.
652 1313 720 1372 quar

83 1452 87 1459 Ι
99 1379 211 1456 quidem
221 1377 256 1438 fic
265 1381 342 1439 avide
354 1381 465 1458 arripui,
481 1378 553 1459 quast
564 1381 720 1440 diuturnam
744 1415 746 1426 ι

99 1463 169 1523 fitinr
180 1465 291 1546 explere
302 1468 423 1545 cupiens,
438 1483 469 1526 ut
479 1487 512 1526 ea
522 1466 579 1545 ipsa
589 1468 655 1542 milri
670 1489 721 1528 no·

81 1555 83 1558 ’
99 1567 130 1610 ta
140 1551 233 1622 effron,
247 1555 344 1630 quibus
355 1574 399 1628 me
408 1574 479 1613 nnnc
488 1553 620 1631 exemplis
631 1553 670 1612 uti
679 1557 719 1614 ti·

99 1639 183 1698 detir.
205 1641 281 1716 quod
295 1659 355 1700 curn
368 1640 456 1712 feciffe
469 1648 606 1699 Socratem
618 1639 719 1700 infidi·

99 1725 156 1784 bun
173 1727 304 1796 audirem,
328 1726 427 1786 vellem
447 1728 572 1806 equidem
590 1743 617 1786 et
631 1726 717 1787 illud:

101 1809 252 1888 (discebant
261 1815 332 1872 enim
344 1815 443 1873 fidibus
454 1815 571 1894 antiqui)
587 1813 633 1874 sed
643 1817 673 1874 in
684 1815 719 1874 li·

67 1902 83 1943 ⁹
100 1900 164 1958 terir
181 1918 255 1960 uerte
269 1900 417 1962 elaboravi.
493 1909 549 1960 Nec
566 1921 638 1961 nune
656 1904 718 1981 qui·

98 1987 160 2044 dem
171 1987 242 2046 vires
253 1985 375 2047 defidero
385 1985 573 2065 adolescentis,
591 1990 635 2064 [ir
646 1991 718 2050 enirn
804 2003 814 2017 ⁸

8 2097 17 2116 ··
96 2088 156 2131 erat
170 2071 246 2132 locus
261 2074 330 2132 alter
346 2077 381 2134 de
398 2075 469 2133 vitiis
487 2074 646 2150 serenatis]
663 2077 718 2134 non

96 2159 168 2237 plns,
180 2180 262 2238 quam
274 2159 428 2220 adolescent
440 2163 521 2231 tauri,
533 2177 581 2220 aut
589 2162 718 2239 elephanss

39 2271 43 2278 ·
96 2244 326 2308 tidefiderabam.
359 2249 434 2326 quod
448 2247 496 2316 est,
512 2269 545 2308 eo
560 2251 639 2308 decet
659 2251 715 2309 uri:

95 2349 123 2390 et
133 2334 269 2411 quidquid
278 2353 352 2410 agae,
366 2355 445 2411 agere
454 2357 504 2414 pro
514 2336 626 2396 viribus.
647 2357 717 2414 quae

95 2420 166 2478 enim
181 2418 248 2478 rox'
259 2419 344 2496 potest
358 2421 409 2480 effe
425 2424 619 2498 contemptior,
634 2443 717 2500 quant

9 2573 11 2582 ‚
93 2505 205 2566 Milonis
224 2508 418 2570 Crotoniatae?
442 2509 500 2588 qui,
522 2528 583 2567 curn
601 2510 665 2586 jam
675 2507 716 2567 se·
