1644 2760
107 105 171 165 r5o
293 93 527 152 cornutum

103 209 133 252 et
146 211 241 270 parum
256 193 352 254 rebus:
377 197 468 256 audite
481 209 597 256 caetera.
674 195 730 255 Sed
749 211 763 258 3

103 275 161 360 qud
175 277 219 350 fis,
242 280 378 352 Africane‘,
400 283 514 342 alacrior
529 284 564 341 ad
580 283 729 342 tutandum

103 368 309 446 rempublicam,
328 368 362 430 fic
378 373 494 430 habeto:
518 371 655 438 omnibus,
680 371 729 448 qui

103 456 221 534 patriam
238 455 431 526 conservarint,
452 459 616 536 adjuverint,
639 477 729 517 auxe-

35 617 42 630 ἡ
105 542 173 613 rint,
194 561 299 603 certum
317 544 392 606 else
384 566 413 604 ιιι
430 544 505 605 caelo
523 544 665 604 definitum
684 543 729 604 lo·

47 653 56 676 t
78 649 182 708 Ι4ειιιιι,
202 631 248 690 ubi
267 633 339 692 beati
362 653 429 692 aevo
449 631 611 711 sempiterno
632 631 731 692 fruan-

31 714 48 740 ''
67 716 74 745 '⁴
85 709 154 780 '‘'tur
156 711 664 799 .nr}{iltstenimiiiipridcipiDoo,
681 740 731 820 qur

105 825 215 868 omnem
231 808 304 868 hunc
318 809 449 867 mundum
467 809 547 884 regit,
570 795 646 884 quod
666 807 731 886 qui·

41 889 44 898 ’
105 894 187 954 dem
179 915 207 952 ιιι
218 896 297 954 terris
308 894 366 964 fiat,
382 896 528 974 acceptius,
540 915 622 974 quam
634 894 731 954 couci·

35 983 37 991 '
105 979 295 1061 liacaetusque
304 971 475 1052 hominum,'
464 1003 527 1060 Jure
539 981 641 1050 sociati,
657 1001 732 1060 quae

106 1069 231 1130 civitates
246 1070 432 1150 appellantur.
457 1073 554 1128 harum
568 1075 687 1128 restores
701 1085 732 1128 et

106 1155 310 1234 conservatores
329 1159 393 1218 hinc
412 1159 536 1237 profesti,
559 1159 613 1216 huc
634 1177 731 1216 rever·

106 1441 124 1482 a
136 1441 214 1493 mets,
229 1419 344 1501 quaefivi
358 1437 459 1490 tamen,
477 1422 614 1480 viveretne
628 1417 684 1498 ipse
700 1435 733 1478 et

106 1509 206 1570 Paulus
221 1525 308 1587 pater,
325 1525 354 1568 et
368 1507 424 1578 alii,
440 1528 509 1587 quos
524 1527 573 1567 nos
589 1508 732 1566 extinctor

104 1597 311 1658 arbitraremur.
347 1597 432 1658 immo
445 1601 521 1663 ver‘o,
536 1595 635 1674 inquit,
649 1595 669 1652 ii
685 1595 730 1653 vi·

105 1701 185 1758 runt,
196 1685 244 1764 qui
255 1705 293 1744 ex
303 1703 448 1762 corporum
459 1682 583 1751 vinculis,
595 1697 732 1760 tanquam

104 1793 121 1832 e
132 1793 251 1840 carcere,
262 1772 454 1833 evolaverunt:
471 1769 556 1830 vestra
567 1790 643 1838 vero,
656 1790 732 1847 quae

104 1860 205 1922 dicitur
215 1861 281 1930 vita,
296 1879 372 1920 mors
386 1857 434 1920 est.
471 1859 538 1937 quin
553 1873 583 1916 tu
595 1854 731 1934 adspicias

102 1949 141 2010 ad
154 1965 183 2008 te
197 1948 347 2008 venientem
365 1945 479 2007 Paulum
494 1961 609 2024 patrem.
642 1963 730 2022 quem

103 2053 135 2096 ut
148 2036 215 2107 vidi,
230 2037 356 2115 equidem
370 2035 425 2095 vim
437 2033 616 2114 lacrymarum
631 2031 729 2110 profu·

102 2123 144 2182 di.
177 2122 224 2182 ille
235 2129 324 2182 autern
339 2143 383 2181 me
393 2121 564 2200 complexus,
583 2135 666 2198 atque
680 2119 729 2179 os·

101 2208 208 2276 cudant,
227 2210 292 2268 flere
311 2201 481 2286 prohibebat.
521 2224 604 2286 atque
622 2228 675 2284 ego
694 2223 728 2268 ut

101 2293 219 2366 primum
235 2295 300 2353 fletu
318 2295 434 2371 represso
452 2295 527 2372 loqui
545 2295 616 2372 posse
633 2297 725 2372 coepi,

43 2425 74 2474 ι
101 2374 243 2447 quaeso,
235 2398 357 2454 mquam,
380 2397 456 2456 pater
472 2379 624 2441 sanctissime
638 2397 725 2459 arque

119 2458 212 2526 nune,
226 2463 358 2536 quoniam
371 2467 438 2525 haec
449 2466 486 2526 est
502 2469 568 2536 vita,
586 2467 629 2544 (ut
644 2469 723 2528 Asti-
