1654 2758
174 139 237 196 oa
262 135 582 204 sannorum.
654 129 701 223 '45'

69 241 155 320 quod
168 261 204 302 eo
217 243 314 302 melius
326 244 392 302 mihi
403 259 513 304 cernere
523 245 628 316 videor,
643 243 701 326 qub
720 292 724 301 .

70 331 109 390 ab
124 350 158 388 ea
172 331 283 408 propius
295 328 397 392 absum.
420 330 583 408 egnvestms
595 349 699 412 patres,
768 382 770 385 .

74 421 109 476 P.
125 412 226 494 Scipio,
247 416 342 495 tuque,
358 423 393 480 C.
412 417 500 488 Laeli,
515 419 591 488 viros
606 418 710 488 christ

75 499 169 574 limos,
178 555 182 559 .
191 504 313 582 mihique
327 503 503 575 amicissimos,
520 507 611 568 vivere
626 509 700 568 arbi-
796 555 801 564 ,

75 603 155 648 tror:
180 606 208 649 et
219 610 278 648 eam
289 593 399 668 quidem
408 592 502 662 vitam,
515 593 631 670 quaeest
641 594 701 656 sola

26 685 29 689 '
75 676 135 736 vita
159 677 333 738 nominanda.
371 699 444 748 nam,
468 680 534 737 dum
555 678 646 741 snmus
669 683 701 744 in

15 797 25 804 -
75 763 121 822 his
135 761 228 822 incluli
242 764 416 841 compagibus
435 767 567 844 corporis,
587 789 702 830 munere

76 849 382 927 quodam-neceffitatis,
406 867 434 912 et
447 853 523 929 gravi
537 874 619 933 opere
637 878 701 935 per·

76 935 227 1014 fungimur.
266 935 303 996 est
317 938 389 996 enim
407 940 511 998 animus
526 941 644 1002 caelestis
661 963 701 1008 ex

77 1021 201 1082 altiffimo
226 1023 365 1082 domicilio
389 1024 536 1103 depressus,
550 1051 553 1056 ·
569 1045 598 1088 et
626 1029 702 1109 quali

78 1107 217 1168 demersus
235 1111 262 1168 in
281 1103 392 1180 terram,
413 1111 504 1172 locum
524 1116 631 1178 divinae
649 1140 700 1178 na·

78 1211 175 1264 turae3
198 1198 405 1276 aeternitatique
430 1201 607 1266 contrarium.
651 1203 701 1266 sed

78 1284 176 1352 credo,
197 1284 262 1342 deos
280 1285 447 1346 immortales
464 1285 578 1364 sparsisse
594 1291 701 1356 animos

78 1369 109 1428 in
131 1389 245 1446 corpora
263 1373 391 1440 humana,
416 1388 446 1430 ut
463 1374 554 1444 elsent,
578 1379 628 1454 qui
642 1395 699 1438 ter·

78 1470 304 1526 rastnereotur,
326 1459 428 1536 quique
450 1460 601 1522 caelestium
623 1468 700 1526 ordi·

77 1561 144 1620 nem
157 1543 380 1620 contemplantes,
398 1546 568 1607 imitarentur
582 1571 644 1610 eum
658 1555 701 1622 vi,-

79 1643 126 1688 tae
138 1629 226 1688 ¹modo
243 1646 325 1706 atque
337 1621 495 1697 constantia.
532 1657 581 1694 nee
595 1657 639 1696 me
656 1639 700 1700 so·

78 1712 139 1774 linn
149 1715 219 1772 ratio
226 1735 260 1774 ac
268 1714 412 1794 disputatio
421 1720 537 1797 impulit,
550 1739 581 1780 ut
591 1723 631 1783 ita
640 1746 701 1788 cte·

4 1811 28 1873 ἦ
79 1801 190 1860 detero:
214 1801 262 1862 sed
283 1804 409 1864 nobilitas
432 1808 514 1867 etiam
533 1807 701 1890 summorum

79 1887 313 1966 philosophorum,
329 1907 356 1949 et
371 1895 526 1956 auctoritas.
556 1900 700 1962 audiebam

4 2047 6 2051 ,
80 1976 278 2052 Pythagoram,
310 1980 562 2060 Pythagoreosque,
594 1987 699 2050 incolas

79 2081 164 2138 paene
188 2061 302 2131 nostros,
326 2065 373 2142 qui
396 2065 477 2124 ellent
500 2069 700 2151 Italici-philo·

79 2145 156 2224 sophi
174 2150 311 2226 quondam
329 2153 469 2222 nominati,
490 2176 628 2235 nunquam
645 2163 698 2232 du7

20 2275 33 2288 .
79 2232 183 2302 bitalle,
206 2237 271 2313 quin
293 2257 330 2294 ex
350 2238 470 2298 universa
491 2261 581 2302 mente
605 2245 697 2311 diuina

80 2318 213 2382 delibatos
223 2324 324 2382 animos
336 2325 506 2388 haberemus.
529 2331 696 2397 demonstra·

79 2407 178 2464 bantur
193 2409 258 2466 mihi
270 2427 418 2486 praeterea,
434 2435 504 2490 quae
517 2423 640 2480 Socrates
651 2423 696 2481 su·

41 2507 44 2511 ·
78 2513 171 2574 premo
187 2496 257 2556 uitae
271 2497 315 2558 die
330 2498 364 2558 de
374 2499 577 2567 immortalitate
586 2509 698 2594 *animo-⁴

376 2589 400 2644 C

784 2603 804 2640 l
820 2595 823 2640 Ι
