1644 2760
260 131 551 192 nununoxn.
655 144 713 208 ¹33

90 231 183 304 xime,
198 249 259 289 cum
271 252 356 288 meam
370 229 481 290 salutem
493 227 599 288 senatus
613 231 718 288 exteris*

93 320 263 386 nationibus,
287 334 318 374 ut
335 320 401 376 civis
418 318 524 394 optimi,
544 317 722 375 commenda«

93 409 156 486 bet.
180 422 220 473 tu,
237 427 270 463 ne
280 425 350 462 nunc
359 405 486 481 quidem:
505 401 550 462 niu
562 402 632 461 forte
644 403 718 463 idem

95 494 150 552 effe
159 491 251 560 hostis,
267 509 295 548 et
306 491 371 550 civis
383 489 477 568 potest.
501 511 535 547 an
547 492 670 548 tucivem
683 491 720 550 ab

97 579 175 639 hoste
188 597 283 636 natura
294 578 406 644 acinco,
423 597 475 634 non
488 579 577 634 animo
589 577 718 654 fastisque

98 667 238 742 distinguis
249 669 260 723 ‚³
280 667 389 724 medem
398 666 426 722 in
437 663 499 721 fotu
510 663 610 722 fecisti:
628 684 718 722 arma·

98 755 135 814 tis
146 753 295 811 latronibus
305 751 405 828 templa
415 750 536 809 tenuisti:
551 752 719 828 privatorum

98 842 208 907 domos,
221 841 300 897 aedes
312 837 398 898 sacras
411 837 560 896 incendisti.
579 857 627 895 cur
636 837 719 896 nosti·

97 935 253 1004 Spartacus,
266 925 324 982 situ
335 927 420 983 civis?
439 941 515 1000 potes
527 941 616 982 autem
629 923 678 982 esse
688 941 720 984 tu

98 1015 177 1080 civis,
190 1031 299 1090 propter
309 1032 388 1089 quem
403 1011 550 1089 aliquando
559 1012 652 1068 civitas
663 1029 721 1072 nou·

98 1099 166 1159 fuit?
181 1116 208 1157 et
217 1115 316 1157 metuo
326 1100 434 1156 nomine
444 1096 573 1176 appellas,
584 1118 647 1156 cum
657 1117 718 1155 om·

96 1207 146 1246 nes
157 1207 217 1244 meo
225 1184 334 1244 disceffu
341 1184 457 1243 exulaffe
467 1184 658 1261 rempublicam
668 1205 721 1262 pu·

97 1275 179 1334 tent?
204 1293 385 1350 nunquamne,
401 1275 483 1329 homo
496 1271 674 1338 amentissime,
691 1289 719 1332 te

98 1357 316 1436 circumspicies?
342 1379 524 1436 nunquamne,
540 1360 608 1435 quid
622 1357 717 1428 facias,

98 1443 719 1522 confideiabis,necquidloquare?nescis‚ex·

99 1533 177 1590 ilium
189 1530 317 1590 scelerum
330 1532 379 1590 effe
391 1533 524 1608 poenam?
550 1553 638 1590 meum
651 1532 721 1591 illud

99 1619 153 1676 iter
164 1619 200 1675 nb
212 1617 425 1695 praeclarissimas
438 1640 483 1678 res
492 1614 508 1679 αἶ
516 1627 559 1676 me
571 1621 656 1694 gestas
668 1618 719 1677 effe

99 1703 270 1782 susceptum?
294 1725 387 1764 omnes
402 1703 522 1763 scelerati
537 1722 619 1783 atque
633 1707 718 1782 impii,
743 1720 746 1725 ·

99 1812 216 1870 quorum
232 1785 301 1850 tute
316 1793 410 1850 ducem
422 1791 472 1850 effe
485 1791 629 1868 profiteris,
648 1812 719 1870 quos

98 1878 172 1956 leges
182 1880 266 1938 exilio
278 1879 347 1938 affici
359 1878 464 1946 volunt,
477 1878 571 1937 exules
583 1877 659 1947 sunt,
667 1877 720 1938 eii·

99 1987 143 2026 ann
161 1965 179 2024 fi
194 1965 279 2024 solum
293 1987 346 2023 non
361 1983 510 2047 munarunt.
534 1986 567 2022 an
582 1986 644 2023 cum
659 1987 719 2023 om·

6 2067 7 2074 ’
99 2075 147 2112 nes
158 2053 232 2128 ieges
246 2071 273 2110 te
283 2051 391 2110 exulem
403 2051 583 2128 essejubeant,
599 2071 653 2108 non
665 2053 719 2111 eris

99 2157 131 2198 tu
147 2139 233 2198 exul?
259 2161 325 2196 num
343 2138 493 2216 appellatur
513 2139 647 2205 inimicus,
672 2139 721 2215 qui

100 2247 163 2284 cum
171 2225 226 2284 telo
234 2225 337 2284 fuerit?
354 2244 416 2284 ante
424 2223 545 2282 senatum
555 2243 601 2282 tua
613 2223 664 2284 ficu
671 2228 721 2284 de·

100 2310 231 2390 prehensa
242 2312 291 2372 est.
315 2315 361 2389 qui
373 2313 509 2370 hominem
520 2313 670 2370 occiderit?
688 2331 726 2373 tu*

90 2400 231 2478 >plurimos
247 2399 376 2458 occidisti.
414 2399 628 2476 quiincendium
647 2399 725 2456 fece->

103 2488 160 2548 riti
185 2487 265 2547 aedes
280 2488 466 2566 Nympharum
479 2505 561 2546 manu
576 2500 624 2545 tua
633 2486 722 2545 >deflu-
